@article{McCormick:FrontiersNeuroinf:2014,
author = {Matthew McCormick and Xiaoxiao Liu and Julien Jomier and Charles Marion and Luis Ibanez},
title = {{ITK}: enabling reproducible research and open science},
language = {},
journal = {Frontiers in Neuroinformatics},
volume = {8},
number = {},
pages = {},
month = {02},
year = {2014},
note = {},
url = {https://www.frontiersin.org/articles/10.3389/fninf.2014.00013},
doi = {10.3389/fninf.2014.00013},
issn = {1662-5196}
}

@book{Johnson:itk:2015a,
author = {Hans J. Johnson and Matthew M. McCormick and Luis Ib\'{a}{\~n}ez and the Insight Software Consortium},
editor = {Hans J. Johnson and Matthew M. McCormick and Luis Ib\'{a}{\~n}ez},
title = {{The ITK Software Guide Book 1: Introduction and Development Guidelines}},
language = {},
edition = {Fourth},
series = {},
address = {28 Corporate Drive, Clifton Park, NY, United States},
publisher = {Kitware, Inc.},
month = {01},
year = {2015},
volume = {},
number = {},
note = {},
url = {https://itk.org/},
doi = {10.5555/2789434},
isbn = {9781-930934-27-6}
}

@book{Johnson:itk:2015b,
author = {Hans J. Johnson and Matthew M. McCormick and Luis Ib\'{a}{\~n}ez and the Insight Software Consortium},
editor = {Hans J. Johnson and Matthew M. McCormick and Luis Ib\'{a}{\~n}ez},
title = {{The ITK Software Guide Book 2: Design and Functionality}},
language = {},
edition = {Fourth},
series = {},
address = {28 Corporate Drive, Clifton Park, NY United States},
publisher = {Kitware, Inc.},
month = {01},
year = {2015},
volume = {},
number = {},
note = {},
url = {https://itk.org/},
doi = {10.5555/2789408},
isbn = {978-1-930934-28-3}
}

@inproceedings{Yoo:MMVR:2002,
author = {Terry S. Yoo and Michael J. Ackerman and William E. Lorensen and Will Schroeder and Vikram Chalana and Stephen Aylward and Dimitris Metaxas and Ross Whitaker},
title = {{Engineering and Algorithm Design for an Image Processing API: A Technical Report on ITK - the Insight Toolkit}},
intype = {},
booktitle = {10th Annual Medicine Meets Virtual Reality Conference},
language = {},
series = {Studies in Health Technology and Informatics},
editor = {James D. Westwood and Helene Miller Hoffman and Richard A. Robb and Don Stredney},
volume = {85},
number = {},
organization = {},
address = {Newport Beach, CA United States},
publisher = {IOS Press, Inc.},
month = {01} # { 23-26,},
year = {2002},
paper = {},
type = {},
pages = {586-592},
note = {},
url = {},
isbn = {978-1-58603-203-6}
}
