%% This BibTeX bibliography file was created using BibDesk.
%% https://bibdesk.sourceforge.io/

%% Created for Nick Tustison at 2025-08-18 09:14:36 -0700


%% Saved with string encoding Unicode (UTF-8)




@book{abramowitz1972,
	author = {Milton Abramowitz and Irene A. Stegun},
	publisher = {John Wiley & Sons, New York.},
	title = {Handbook of Mathematical Functions: with Formulas, Graphs, and Mathematical Tables},
	year = 1972}

@article{alyassin1994,
	author = {Alyassin, Abdalmajeid M. and Lancaster, Jack L. and Downs III, J. Hunter and Fox, Peter T.},
	doi = {10.1118/1.597333},
	journal = {Med Phys},
	number = 6,
	pages = {741--752},
	title = {Evaluation of new algorithms for the interactive measurement of surface area and volume},
	url = {https://doi.org/10.1118/1.597333},
	volume = 21,
	year = 1994,
	bdsk-url-1 = {https://doi.org/10.1118/1.597333}}

@article{ashburner2007,
	author = {John Ashburner},
	doi = {10.1016/j.neuroimage.2007.07.007},
	issn = {1053-8119},
	journal = {NeuroImage},
	number = 1,
	pages = {95--113},
	title = {A fast diffeomorphic image registration algorithm},
	url = {https://doi.org/10.1016/j.neuroimage.2007.07.007},
	volume = 38,
	year = 2007,
	bdsk-url-1 = {https://doi.org/10.1016/j.neuroimage.2007.07.007}}

@article{avants2008,
	author = {B.B. Avants and C.L. Epstein and M. Grossman and J.C. Gee},
	doi = {10.1016/j.media.2007.06.004},
	journal = {Medical Image Analysis},
	number = 1,
	pages = {26--41},
	title = {Symmetric diffeomorphic image registration with cross-correlation: Evaluating automated labeling of elderly and neurodegenerative brain},
	url = {https://doi.org/10.1016/j.media.2007.06.004},
	volume = 12,
	year = 2008,
	bdsk-url-1 = {https://doi.org/10.1016/j.media.2007.06.004}}

@article{avants2011,
	author = {Brian B. Avants and Nicholas J. Tustison and Gang Song and Philip A. Cook and Arno Klein and James C. Gee},
	doi = {10.1016/j.neuroimage.2010.09.025},
	journal = {NeuroImage},
	number = 3,
	pages = {2033--2044},
	title = {A reproducible evaluation of {ANTs} similarity metric performance in brain image registration},
	url = {https://doi.org/10.1016/j.neuroimage.2010.09.025},
	volume = 54,
	year = 2011,
	bdsk-url-1 = {https://doi.org/10.1016/j.neuroimage.2010.09.025}}

@inproceedings{awate2005,
	author = {Suyash P. Awate and Ross T. Whitaker},
	booktitle = {IEEE Computer Society Conference on Computer Vision and Pattern Recognition {(CVPR)}},
	doi = {10.1109/CVPR.2005.176},
	pages = {44--51},
	title = {Higher-order image statistics for unsupervised, information-theoretic, adaptive, image filtering},
	url = {https://doi.org/10.1109/CVPR.2005.176},
	volume = 2,
	year = 2005,
	bdsk-url-1 = {https://doi.org/10.1109/CVPR.2005.176}}

@article{awate2006,
	author = {Suyash P. Awate and Ross T. Whitaker},
	doi = {10.1109/TPAMI.2006.64},
	journal = {IEEE Transactions on Pattern Analysis and Machine Intelligence},
	number = 3,
	pages = {364--376},
	title = {Unsupervised, information-theoretic, adaptive image filtering for image restoration},
	url = {https://doi.org/10.1109/TPAMI.2006.64},
	volume = 28,
	year = 2006,
	bdsk-url-1 = {https://doi.org/10.1109/TPAMI.2006.64}}

@book{bertero1998,
	author = {Mario Bertero and Patrizia Boccacci},
	publisher = {CRC Press},
	title = {Introduction to Inverse Problems in Imaging},
	year = 1998}

@article{besag1986,
	author = {Julian Besag},
	doi = {10.1111/j.2517-6161.1986.tb01412.x},
	journal = {Journal of the Royal Statistical Society: Series B (Methodological)},
	number = 3,
	pages = {259--279},
	title = {On the Statistical Analysis of Dirty Pictures},
	url = {https://doi.org/10.1111/j.2517-6161.1986.tb01412.x},
	volume = 48,
	year = 1986,
	bdsk-url-1 = {https://doi.org/10.1111/j.2517-6161.1986.tb01412.x}}

@article{besl1992,
	author = {Besl, P.J. and McKay, Neil D.},
	doi = {10.1109/34.121791},
	journal = {IEEE Transactions on Pattern Analysis and Machine Intelligence},
	number = 2,
	pages = {239--256},
	title = {A method for registration of {3-D} shapes},
	url = {https://doi.org/10.1109/34.121791},
	volume = 14,
	year = 1992,
	bdsk-url-1 = {https://doi.org/10.1109/34.121791}}

@inproceedings{bierling1988,
	author = {M. Bierling},
	booktitle = {Visual Communications and Image Processing},
	doi = {10.1117/12.969046},
	pages = {942 -- 953},
	publisher = {SPIE},
	title = {{Displacement Estimation By Hierarchical Blockmatching}},
	url = {https://doi.org/10.1117/12.969046},
	volume = 1001,
	year = 1988,
	bdsk-url-1 = {https://doi.org/10.1117/12.969046}}

@article{bowdler1968,
	author = {Bowdler, Hilary and Martin, R. S. and Reinsch, C. and Wilkinson, J. H.},
	doi = {10.1007/BF02166681},
	journal = {Numerische Mathematik},
	number = 4,
	pages = {293--306},
	title = {The {QR} and {QL} algorithms for symmetric matrices},
	url = {https://doi.org/10.1007/BF02166681},
	volume = 11,
	year = 1968,
	bdsk-url-1 = {https://doi.org/10.1007/BF02166681}}

@inbook{bowdler1971,
	address = {Berlin, Heidelberg},
	author = {Bowdler, H. and Martin, R. S. and Reinsch, C. and Wilkinson, J. H.},
	booktitle = {Handbook for Automatic Computation: Volume II: Linear Algebra},
	doi = {10.1007/978-3-642-86940-2_14},
	pages = {227--240},
	publisher = {Springer Berlin Heidelberg},
	title = {The {QR} and {QL} Algorithms for Symmetric Matrices},
	url = {https://doi.org/10.1007/978-3-642-86940-2_14},
	year = 1971,
	bdsk-url-1 = {https://doi.org/10.1007/978-3-642-86940-2_14}}

@article{brigger1999,
	author = {Brigger, P. and Muller, F. and Illgner, K. and Unser, M.},
	doi = {10.1109/83.784437},
	journal = {IEEE Transactions on Image Processing},
	number = 9,
	pages = {1254--1264},
	title = {Centered pyramids},
	url = {https://doi.org/10.1109/83.784437},
	volume = 8,
	year = 1999,
	bdsk-url-1 = {https://doi.org/10.1109/83.784437}}

@inproceedings{buades2005,
	author = {Antoni Buades and Bartomeu Coll and Jean-Michel Morel},
	booktitle = {IEEE Computer Society Conference on Computer Vision and Pattern Recognition {(CVPR)}},
	doi = {10.1109/CVPR.2005.38},
	pages = {60--65},
	title = {A non-local algorithm for image denoising},
	url = {https://doi.org/10.1109/CVPR.2005.38},
	volume = 2,
	year = 2005,
	bdsk-url-1 = {https://doi.org/10.1109/CVPR.2005.38}}

@article{buades2008,
	author = {Buades, Antoni and Coll, Bartomeu and Morel, Jean-Michel},
	doi = {10.1007/s11263-007-0052-1},
	journal = {International Journal of Computer Vision},
	number = 2,
	pages = {123--139},
	title = {Nonlocal Image and Movie Denoising},
	url = {https://doi.org/10.1007/s11263-007-0052-1},
	volume = 76,
	year = 2008,
	bdsk-url-1 = {https://doi.org/10.1007/s11263-007-0052-1}}

@article{byrd1995,
	author = {Byrd, Richard H. and Lu, Peihuang and Nocedal, Jorge and Zhu, Ciyou},
	doi = {10.1137/0916069},
	journal = {SIAM Journal on Scientific Computing},
	number = 5,
	pages = {1190--1208},
	title = {A Limited Memory Algorithm for Bound Constrained Optimization},
	url = {https://doi.org/10.1137/0916069},
	volume = 16,
	year = 1995,
	bdsk-url-1 = {https://doi.org/10.1137/0916069}}

@article{canny1986,
	author = {John Canny},
	doi = {10.1109/TPAMI.1986.4767851},
	journal = {IEEE Transactions on Pattern Analysis and Machine Intelligence},
	number = 6,
	pages = {679--698},
	title = {A Computational Approach to Edge Detection},
	url = {https://doi.org/10.1109/TPAMI.1986.4767851},
	volume = 8,
	year = 1986,
	bdsk-url-1 = {https://doi.org/10.1109/TPAMI.1986.4767851}}

@article{caselles1997,
	author = {Caselles, Vicent and Kimmel, Ron and Sapiro, Guillermo},
	doi = {10.1023/A:1007979827043},
	journal = {International Journal of Computer Vision},
	number = 1,
	pages = {61--79},
	title = {Geodesic Active Contours},
	url = {https://doi.org/10.1023/A:1007979827043},
	volume = 22,
	year = 1997,
	bdsk-url-1 = {https://doi.org/10.1023/A:1007979827043}}

@book{castleman1995,
	author = {Kenneth R. Castleman},
	publisher = {Prentice Hall},
	title = {Digital Signal Processing},
	year = 1995}

@inproceedings{chan1999,
	author = {Chan, Tony and Vese, Luminita},
	booktitle = {Scale-Space Theories in Computer Vision},
	doi = {10.1007/3-540-48236-9_13},
	pages = {141--151},
	publisher = {Springer Berlin Heidelberg},
	title = {An Active Contour Model without Edges},
	url = {https://doi.org/10.1007/3-540-48236-9_13},
	year = 1999,
	bdsk-url-1 = {https://doi.org/10.1007/3-540-48236-9_13}}

@article{chan2001,
  title        = {Active contours without edges},
  author       = {Chan, Tony F. and Vese, Luminita A.},
  year         = 2001,
  journal      = {IEEE Transactions on Image Processing},
  volume       = 10,
  number       = 2,
  pages        = {266--277},
  doi          = {10.1109/83.902291},
  url          = {https://doi.org/10.1109/83.902291}
}

@INPROCEEDINGS{Christensen2001MMBIA,
  author={Christensen, G.E. and He, J.},
  booktitle={Proceedings IEEE Workshop on Mathematical Methods in Biomedical Image Analysis (MMBIA 2001)},
  title={Consistent nonlinear elastic image registration},
  year={2001},
  volume={},
  number={},
  pages={37-43},
  keywords={Image registration;Shape;Deformable models;Helium;Cities and towns;Ear;Spline;Testing;Elasticity;Iterative algorithms},
  doi={10.1109/MMBIA.2001.991697}}

@article{christensen2001,
  abstract = {This paper presents a new method for image registration based on jointly estimating the forward and reverse transformations between two images while constraining these transforms to be inverses of one another. This approach produces a consistent set of transformations that have less pairwise registration error, i.e., better correspondence, than traditional methods that estimate the forward and reverse transformations independently. The transformations are estimated iteratively and are restricted to preserve topology by constraining them to obey the laws of continuum mechanics. The transformations are parameterized by a Fourier series to diagonalize the covariance structure imposed by the continuum mechanics constraints and to provide a computationally efficient numerical implementation. Results using a linear elastic material constraint are presented using both magnetic resonance and X-ray computed tomography image data. The results show that the joint estimation of a consistent set of forward and reverse transformations constrained by linear-elasticity give better registration results than using either constraint alone or none at all.},
  author = {Christensen, G E and Johnson, H J},
  date-added = {2025-08-18 09:14:19 -0700},
  date-modified = {2025-08-18 09:14:19 -0700},
  doi = {10.1109/42.932742},
  journal = {IEEE Trans Med Imaging},
  journal-full = {IEEE transactions on medical imaging},
  mesh = {Algorithms; Brain; Fourier Analysis; Humans; Image Interpretation, Computer-Assisted; Image Processing, Computer-Assisted; Magnetic Resonance Imaging; Mathematics; Tomography, X-Ray Computed},
  month = {Jul},
  number = {7},
  pages = {568-82},
  pmid = {11465464},
  pst = {ppublish},
  title = {Consistent image registration},
  volume = {20},
  year = {2001},
  bdsk-url-1 = {https://doi.org/10.1109/42.932742}
}

@article{chu1990,
	author = {A. Chu and C.M. Sehgal and J.F. Greenleaf},
	doi = {10.1016/0167-8655(90)90112-F},
	journal = {Pattern Recognition Letters},
	number = 6,
	pages = {415--419},
	title = {Use of gray value distribution of run lengths for texture analysis},
	url = {https://doi.org/10.1016/0167-8655(90)90112-F},
	volume = 11,
	year = 1990,
	bdsk-url-1 = {https://doi.org/10.1016/0167-8655(90)90112-F}}

@inproceedings{chung2002,
	author = {Chung, Albert C. S. and Wells, William M. and Norbash, Alexander and Grimson, W. Eric L.},
	booktitle = {Medical Image Computing and Computer-Assisted Intervention {(MICCAI)}},
	doi = {10.1007/3-540-45787-9_66},
	pages = {525--532},
	title = {Multi-modal Image Registration by Minimising Kullback-Leibler Distance},
	url = {https://doi.org/10.1007/3-540-45787-9_66},
	year = 2002,
	bdsk-url-1 = {https://doi.org/10.1007/3-540-45787-9_66}}

@article{clatz2005,
	author = {Clatz, O. and Delingette, H. and Talos, I.-F. and Golby, A.J. and Kikinis, R. and Jolesz, F.A. and Ayache, N. and Warfield, S.K.},
	doi = {10.1109/TMI.2005.856734},
	journal = {IEEE Transactions on Medical Imaging},
	number = 11,
	pages = {1417--1427},
	title = {Robust nonrigid registration to capture brain shift from intraoperative MRI},
	url = {https://doi.org/10.1109/TMI.2005.856734},
	volume = 24,
	year = 2005,
	bdsk-url-1 = {https://doi.org/10.1109/TMI.2005.856734}}

@article{conners1980,
	author = {Conners, Richard W. and Harlow, Charles A.},
	doi = {10.1109/TPAMI.1980.4767008},
	journal = {IEEE Transactions on Pattern Analysis and Machine Intelligence},
	number = 3,
	pages = {204--222},
	title = {A Theoretical Comparison of Texture Algorithms},
	url = {https://doi.org/10.1109/TPAMI.1980.4767008},
	volume = {PAMI-2},
	year = 1980,
	bdsk-url-1 = {https://doi.org/10.1109/TPAMI.1980.4767008}}

@article{conners1984,
	author = {Richard W. Conners and Mohan M. Trivedi and Charles A. Harlow},
	doi = {10.1016/0734-189X(84)90197-X},
	journal = {Computer Vision, Graphics, and Image Processing},
	number = 3,
	pages = {273--310},
	title = {Segmentation of a high-resolution urban scene using texture operators},
	url = {https://doi.org/10.1016/0734-189X(84)90197-X},
	volume = 25,
	year = 1984,
	bdsk-url-1 = {https://doi.org/10.1016/0734-189X(84)90197-X}}

@article{danielsson1980,
	author = {Per-Erik Danielsson},
	doi = {10.1016/0146-664X(80)90054-4},
	journal = {Computer Graphics and Image Processing},
	number = 3,
	pages = {227--248},
	title = {Euclidean distance mapping},
	url = {https://doi.org/10.1016/0146-664X(80)90054-4},
	volume = 14,
	year = 1980,
	bdsk-url-1 = {https://doi.org/10.1016/0146-664X(80)90054-4}}

@article{dasarathy1991,
	author = {Belur V. Dasarathy and Edwin B. Holder},
	doi = {10.1016/0167-8655(91)80014-2},
	journal = {Pattern Recognition Letters},
	number = 8,
	pages = {497--502},
	title = {Image characterizations based on joint gray level---run length distributions},
	url = {https://doi.org/10.1016/0167-8655(91)80014-2},
	volume = 12,
	year = 1991,
	bdsk-url-1 = {https://doi.org/10.1016/0167-8655(91)80014-2}}

@article{davis1997,
	author = {Davis, M.H. and Khotanzad, A. and Flamig, D.P. and Harms, S.E.},
	doi = {10.1109/42.585766},
	journal = {IEEE Transactions on Medical Imaging},
	number = 3,
	pages = {317--328},
	title = {A physics-based coordinate transformation for {3-D} image matching},
	url = {https://doi.org/10.1109/42.585766},
	volume = 16,
	year = 1997,
	bdsk-url-1 = {https://doi.org/10.1109/42.585766}}

@article{delingette1999,
	author = {Delingette, Herv{\'e}},
	doi = {10.1023/A:1008157432188},
	journal = {International Journal of Computer Vision},
	number = 2,
	pages = {111--146},
	title = {General Object Reconstruction Based on Simplex Meshes},
	url = {https://doi.org/10.1023/A:1008157432188},
	volume = 32,
	year = 1999,
	bdsk-url-1 = {https://doi.org/10.1023/A:1008157432188}}

@book{dennis1983,
	author = {Dennis, Jr. John E. and Schnabel, Robert B.},
	doi = {10.1137/1.9781611971200},
	publisher = {Society for Industrial and Applied Mathematics (SIAM)},
	title = {Numerical Methods for Unconstrained Optimization and Nonlinear Equations},
	url = {https://doi.org/10.1137/1.9781611971200},
	year = 1983,
	bdsk-url-1 = {https://doi.org/10.1137/1.9781611971200}}

@article{deriche1990,
	author = {Rachid Deriche},
	doi = {10.1109/34.41386},
	journal = {IEEE Transactions on Pattern Analysis and Machine Intelligence},
	number = 1,
	pages = {78--87},
	title = {Fast algorithms for low-level vision},
	url = {https://doi.org/10.1109/34.41386},
	volume = 12,
	year = 1990,
	bdsk-url-1 = {https://doi.org/10.1109/34.41386}}

@article{dufour2005,
	author = {Dufour, A. and Shinin, V. and Tajbakhsh, S. and Guillen-Aghion, N. and Olivo-Marin, J.-C. and Zimmer, C.},
	doi = {10.1109/TIP.2005.852790},
	journal = {IEEE Transactions on Image Processing},
	number = 9,
	pages = {1396--1410},
	title = {Segmenting and tracking fluorescent cells in dynamic 3-D microscopy with coupled active surfaces},
	url = {https://doi.org/10.1109/TIP.2005.852790},
	volume = 14,
	year = 2005,
	bdsk-url-1 = {https://doi.org/10.1109/TIP.2005.852790}}

@article{farneback2006,
	author = {Farneb{\"a}ck, Gunnar and Westin, Carl-Fredrik},
	doi = {10.1007/s10851-006-8464-z},
	journal = {Journal of Mathematical Imaging and Vision},
	number = 3,
	pages = {293--299},
	title = {Improving Deriche-style Recursive Gaussian Filters},
	url = {https://doi.org/10.1007/s10851-006-8464-z},
	volume = 26,
	year = 2006,
	bdsk-url-1 = {https://doi.org/10.1007/s10851-006-8464-z}}

@article{fischer2004,
	author = {Bernd Fischer and Jan Modersitzki},
	doi = {10.1016/j.laa.2003.10.021},
	journal = {Linear Algebra and its Applications},
	pages = {107--124},
	title = {A unified approach to fast image registration and a new curvature based registration technique},
	url = {https://doi.org/10.1016/j.laa.2003.10.021},
	volume = 380,
	year = 2004,
	bdsk-url-1 = {https://doi.org/10.1016/j.laa.2003.10.021}}

@article{fortune1987,
	author = {Fortune, Steven},
	doi = {10.1007/BF01840357},
	journal = {Algorithmica},
	number = 1,
	pages = {153--174},
	title = {A sweepline algorithm for {Voronoi} diagrams},
	url = {https://doi.org/10.1007/BF01840357},
	volume = 2,
	year = 1987,
	bdsk-url-1 = {https://doi.org/10.1007/BF01840357}}

@inproceedings{frangi1998,
	author = {Frangi, Alejandro F. and Niessen, Wiro J. and Vincken, Koen L. and Viergever, Max A.},
	booktitle = {Medical Image Computing and Computer-Assisted Intervention (MICCAI)},
	doi = {10.1007/BFb0056195},
	pages = {130--137},
	title = {Multiscale vessel enhancement filtering},
	url = {https://doi.org/10.1007/BFb0056195},
	year = 1998,
	bdsk-url-1 = {https://doi.org/10.1007/BFb0056195}}

@inproceedings{galen2007,
	author = {Andrew, Galen and Gao, Jianfeng},
	booktitle = {International Conference on Machine Learning (ICML)},
	doi = {10.1145/1273496.1273501},
	numpages = 8,
	pages = {33--40},
	title = {Scalable training of L1-regularized log-linear models},
	url = {https://doi.org/10.1145/1273496.1273501},
	year = 2007,
	bdsk-url-1 = {https://doi.org/10.1145/1273496.1273501}}

@article{galloway1975,
	author = {Mary M. Galloway},
	doi = {10.1016/S0146-664X(75)80008-6},
	journal = {Computer Graphics and Image Processing},
	number = 2,
	pages = {172--179},
	title = {Texture analysis using gray level run lengths},
	url = {https://doi.org/10.1016/S0146-664X(75)80008-6},
	volume = 4,
	year = 1975,
	bdsk-url-1 = {https://doi.org/10.1016/S0146-664X(75)80008-6}}

@book{gamma1994,
	author = {Erich Gamma and Richard Helm and Ralph Johnson and John Vlissides},
	publisher = {Addison-Wesley},
	title = {Design Patterns: Elements of Reusable Object-Oriented Software},
	year = 1994}

@book{gersho1992,
	author = {Allen Gersho and Robert M. Gray},
	doi = {10.1007/978-1-4615-3626-0},
	publisher = {Springer New York, NY},
	title = {Vector Quantization and Signal Compression},
	url = {https://doi.org/10.1007/978-1-4615-3626-0},
	year = 1992,
	bdsk-url-1 = {https://doi.org/10.1007/978-1-4615-3626-0}}

@article{glasbey1993,
	author = {C.A. Glasbey},
	doi = {10.1006/cgip.1993.1040},
	journal = {CVGIP: Graphical Models and Image Processing},
	number = 6,
	pages = {532--537},
	title = {An Analysis of Histogram-Based Thresholding Algorithms},
	url = {https://doi.org/10.1006/cgip.1993.1040},
	volume = 55,
	year = 1993,
	bdsk-url-1 = {https://doi.org/10.1006/cgip.1993.1040}}

@book{gonzales1993,
	author = {Rafael C. Gonzales and Richard E. Woods},
	publisher = {Addison Wesley},
	title = {Digital Image Processing},
	year = 1993}

@article{gouraud1971,
	author = {Gouraud, Henri},
	doi = {10.1109/T-C.1971.223313},
	journal = {IEEE Transactions on Computers},
	number = 6,
	pages = {623--629},
	title = {Continuous Shading of Curved Surfaces},
	url = {https://doi.org/10.1109/T-C.1971.223313},
	volume = {C-20},
	year = 1971,
	bdsk-url-1 = {https://doi.org/10.1109/T-C.1971.223313}}

@article{guibas1985,
	author = {Guibas, Leonidas and Stolfi, Jorge},
	doi = {10.1145/282918.282923},
	journal = {ACM Transactions on Graphics},
	number = 2,
	pages = {74--123},
	title = {Primitives for the manipulation of general subdivisions and the computation of Voronoi},
	url = {https://doi.org/10.1145/282918.282923},
	volume = 4,
	year = 1985,
	bdsk-url-1 = {https://doi.org/10.1145/282918.282923}}

@techreport{hamilton2006,
	author = {Chris Hamilton},
	institution = {Dalhousie University},
	number = {CS-2006-07},
	title = {Compact Hilbert Indices},
	year = 2006}

@article{haralick1973,
	author = {Haralick, Robert M. and Shanmugam, K. and Dinstein, Its'Hak},
	doi = {10.1109/TSMC.1973.4309314},
	journal = {IEEE Transactions on Systems, Man, and Cybernetics},
	number = 6,
	pages = {610--621},
	title = {Textural Features for Image Classification},
	url = {https://doi.org/10.1109/TSMC.1973.4309314},
	volume = {SMC-3},
	year = 1973,
	bdsk-url-1 = {https://doi.org/10.1109/TSMC.1973.4309314}}

@article{haralick1979,
	author = {Haralick, R.M.},
	doi = {10.1109/PROC.1979.11328},
	journal = {Proceedings of the IEEE},
	number = 5,
	pages = {786--804},
	title = {Statistical and structural approaches to texture},
	url = {https://doi.org/10.1109/PROC.1979.11328},
	volume = 67,
	year = 1979,
	bdsk-url-1 = {https://doi.org/10.1109/PROC.1979.11328}}

@article{hasan2001,
	author = {Khader M. Hasan and Peter J. Basser and Dennis L. Parker and Andrew L. Alexander},
	doi = {10.1006/jmre.2001.2400},
	journal = {Journal of Magnetic Resonance},
	number = 1,
	pages = {41--47},
	title = {Analytical Computation of the Eigenvalues and Eigenvectors in {DT-MRI}},
	url = {https://doi.org/10.1006/jmre.2001.2400},
	volume = 152,
	year = 2001,
	bdsk-url-1 = {https://doi.org/10.1006/jmre.2001.2400}}

@article{hipwell2003,
	author = {Hipwell, J.H. and Penney, G.P. and McLaughlin, R.A. and Rhode, K. and Summers, P. and Cox, T.C. and Byrne, J.V. and Noble, J.A. and Hawkes, D.J.},
	doi = {10.1109/TMI.2003.819283},
	journal = {IEEE Transactions on Medical Imaging},
	number = 11,
	pages = {1417--1426},
	title = {Intensity-based {2-D - 3-D} registration of cerebral angiograms},
	url = {https://doi.org/10.1109/TMI.2003.819283},
	volume = 22,
	year = 2003,
	bdsk-url-1 = {https://doi.org/10.1109/TMI.2003.819283}}

@article{horn1987,
	author = {Berthold K. P. Horn},
	doi = {10.1364/JOSAA.4.000629},
	journal = {Journal of the Optical Society of America A},
	number = 4,
	pages = {629--642},
	publisher = {Optica Publishing Group},
	title = {Closed-form solution of absolute orientation using unit quaternions},
	url = {https://doi.org/10.1364/JOSAA.4.000629},
	volume = 4,
	year = 1987,
	bdsk-url-1 = {https://doi.org/10.1364/JOSAA.4.000629}}

@article{huang1979,
	author = {Huang, T. and Yang, G. and Tang, G.},
	doi = {10.1109/TASSP.1979.1163188},
	journal = {IEEE Transactions on Acoustics, Speech, and Signal Processing},
	number = 1,
	pages = {13--18},
	title = {A fast two-dimensional median filtering algorithm},
	url = {https://doi.org/10.1109/TASSP.1979.1163188},
	volume = 27,
	year = 1979,
	bdsk-url-1 = {https://doi.org/10.1109/TASSP.1979.1163188}}

@article{huang1995,
	author = {Liang-Kai Huang and Mao-Jiun J. Wang},
	doi = {10.1016/0031-3203(94)E0043-K},
	journal = {Pattern Recognition},
	number = 1,
	pages = {41--51},
	title = {Image thresholding by minimizing the measures of fuzziness},
	url = {https://doi.org/10.1016/0031-3203(94)E0043-K},
	volume = 28,
	year = 1995,
	bdsk-url-1 = {https://doi.org/10.1016/0031-3203(94)E0043-K}}

@article{imelinska2000,
	author = {C. Imeli{\'n}ska and M.S. Downes and W. Yuan},
	doi = {10.1016/S0895-6111(00)00017-3},
	journal = {Computerized Medical Imaging and Graphics},
	number = 3,
	pages = {173--180},
	title = {Semi-automated color segmentation of anatomical tissue},
	url = {https://doi.org/10.1016/S0895-6111(00)00017-3},
	volume = 24,
	year = 2000,
	bdsk-url-1 = {https://doi.org/10.1016/S0895-6111(00)00017-3}}

@article{jin2005,
	author = {Jin, Shuangshuang and Lewis, Robert R. and West, David},
	doi = {10.1007/s00371-004-0271-1},
	journal = {The Visual Computer},
	number = 1,
	pages = {71--82},
	title = {A comparison of algorithms for vertex normal computation},
	url = {https://doi.org/10.1007/s00371-004-0271-1},
	volume = 21,
	year = 2005,
	bdsk-url-1 = {https://doi.org/10.1007/s00371-004-0271-1}}

@article{kapur1985,
	author = {J.N. Kapur and P.K. Sahoo and A.K.C. Wong},
	doi = {10.1016/0734-189X(85)90125-2},
	journal = {Computer Vision, Graphics, and Image Processing},
	number = 3,
	pages = {273--285},
	title = {A new method for gray-level picture thresholding using the entropy of the histogram},
	url = {https://doi.org/10.1016/0734-189X(85)90125-2},
	volume = 29,
	year = 1985,
	bdsk-url-1 = {https://doi.org/10.1016/0734-189X(85)90125-2}}

@inproceedings{kennedy1995,
	author = {Kennedy, J. and Eberhart, R.},
	booktitle = {International Conference on Neural Networks},
	doi = {10.1109/ICNN.1995.488968},
	pages = {1942--1948},
	title = {Particle swarm optimization},
	url = {https://doi.org/10.1109/ICNN.1995.488968},
	volume = 4,
	year = 1995,
	bdsk-url-1 = {https://doi.org/10.1109/ICNN.1995.488968}}

@article{kim2011,
	author = {Eun Young Kim and Hans Johnson and Norman Williams},
	doi = {10.54294/fge470},
	journal = {The MIDAS Journal},
	title = {Affine Transformation for Landmark Based Registration Initializer in ITK},
	url = {https://doi.org/10.54294/fge470},
	year = 2011,
	bdsk-url-1 = {https://doi.org/10.54294/fge470}}

@article{kimmel1998,
	author = {R. Kimmel and J. A. Sethian},
	doi = {10.1073/pnas.95.15.8431},
	journal = {Proceedings of the National Academy of Sciences},
	number = 15,
	pages = {8431--8435},
	title = {Computing geodesic paths on manifolds},
	url = {https://doi.org/10.1073/pnas.95.15.8431},
	volume = 95,
	year = 1998,
	bdsk-url-1 = {https://doi.org/10.1073/pnas.95.15.8431}}

@article{kittler1986,
	author = {J. Kittler and J. Illingworth},
	doi = {10.1016/0031-3203(86)90030-0},
	journal = {Pattern Recognition},
	number = 1,
	pages = {41--47},
	title = {Minimum error thresholding},
	url = {https://doi.org/10.1016/0031-3203(86)90030-0},
	volume = 19,
	year = 1986,
	bdsk-url-1 = {https://doi.org/10.1016/0031-3203(86)90030-0}}

@article{klein1997,
	author = {Andreas Klein and Forester Lee and Amir A. Amini},
	doi = {10.1109/42.640737},
	journal = {IEEE Transactions on Medical Imaging},
	number = 5,
	pages = {468--482},
	title = {Quantitative coronary angiography with deformable spline models},
	url = {https://doi.org/10.1109/42.640737},
	volume = 16,
	year = 1997,
	bdsk-url-1 = {https://doi.org/10.1109/42.640737}}

@article{koepfler1994,
	author = {Koepfler, G. and Lopez, C. and Morel, J. M.},
	doi = {10.1137/0731015},
	journal = {SIAM Journal on Numerical Analysis},
	number = 1,
	pages = {282--299},
	title = {A Multiscale Algorithm for Image Segmentation by Variational Method},
	url = {https://doi.org/10.1137/0731015},
	volume = 31,
	year = 1994,
	bdsk-url-1 = {https://doi.org/10.1137/0731015}}

@article{lee1997,
	author = {Lee, S. and Wolberg, G. and Shin, S.Y.},
	doi = {10.1109/2945.620490},
	journal = {IEEE Transactions on Visualization and Computer Graphics},
	number = 3,
	pages = {228--244},
	title = {Scattered data interpolation with multilevel B-splines},
	url = {https://doi.org/10.1109/2945.620490},
	volume = 3,
	year = 1997,
	bdsk-url-1 = {https://doi.org/10.1109/2945.620490}}

@inproceedings{leventon2000,
	author = {Leventon, M.E. and Grimson, W.E.L. and Faugeras, O.},
	booktitle = {IEEE Conference on Computer Vision and Pattern Recognition (CVPR)},
	doi = {10.1109/CVPR.2000.855835},
	pages = {316--323 vol.1},
	title = {Statistical shape influence in geodesic active contours},
	url = {https://doi.org/10.1109/CVPR.2000.855835},
	volume = 1,
	year = 2000,
	bdsk-url-1 = {https://doi.org/10.1109/CVPR.2000.855835}}

@article{li1993,
	author = {C.H. Li and C.K. Lee},
	doi = {10.1016/0031-3203(93)90115-D},
	journal = {Pattern Recognition},
	number = 4,
	pages = {617--625},
	title = {Minimum cross entropy thresholding},
	url = {https://doi.org/10.1016/0031-3203(93)90115-D},
	volume = 26,
	year = 1993,
	bdsk-url-1 = {https://doi.org/10.1016/0031-3203(93)90115-D}}

@article{li1998,
	author = {C.H. Li and P.K.S. Tam},
	doi = {10.1016/S0167-8655(98)00057-9},
	journal = {Pattern Recognition Letters},
	number = 8,
	pages = {771--776},
	title = {An iterative algorithm for minimum cross entropy thresholding},
	url = {https://doi.org/10.1016/S0167-8655(98)00057-9},
	volume = 19,
	year = 1998,
	bdsk-url-1 = {https://doi.org/10.1016/S0167-8655(98)00057-9}}

@inproceedings{li2005,
	author = {Chunming Li and Chenyang Xu and Changfeng Gui and Fox, M.D.},
	booktitle = {IEEE Computer Society Conference on Computer Vision and Pattern Recognition (CVPR)},
	doi = {10.1109/CVPR.2005.213},
	pages = {430--436},
	title = {Level set evolution without re-initialization: a new variational formulation},
	url = {https://doi.org/10.1109/CVPR.2005.213},
	volume = 1,
	year = 2005,
	bdsk-url-1 = {https://doi.org/10.1109/CVPR.2005.213}}

@phdthesis{lindeberg1991,
	author = {Tony Lindeberg},
	school = {Royal Institute of Technology, Stockholm, Sweden},
	title = {Discrete Scale-Space Theory and the Scale-Space Primal Sketch},
	year = 1991}

@article{liu1989,
	author = {Liu, Dong C. and Nocedal, Jorge},
	doi = {10.1007/BF01589116},
	journal = {Mathematical Programming},
	number = 1,
	pages = {503--528},
	title = {On the limited memory BFGS method for large scale optimization},
	url = {https://doi.org/10.1007/BF01589116},
	volume = 45,
	year = 1989,
	bdsk-url-1 = {https://doi.org/10.1007/BF01589116}}

@inproceedings{liu2009,
	author = {Liu, Yixun and Fedorov, Andriy and Kikinis, Ron and Chrisochoides, Nikos},
	booktitle = {IEEE International Conference on Bioinformatics and Biomedicine},
	doi = {10.1109/BIBM.2009.10},
	pages = {401--404},
	title = {Real-Time Non-rigid Registration of Medical Images on a Cooperative Parallel Architecture},
	url = {https://doi.org/10.1109/BIBM.2009.10},
	year = 2009,
	bdsk-url-1 = {https://doi.org/10.1109/BIBM.2009.10}}

@article{lorensen1987,
	author = {William E. Lorensen and Harvey E. Cline},
	doi = {10.1145/37402.37422},
	journal = {Computer Graphics},
	number = 4,
	pages = {163--169},
	title = {Marching cubes: {A} high resolution {3D} surface construction algorithm},
	url = {https://doi.org/10.1145/37402.37422},
	volume = 21,
	year = 1987,
	bdsk-url-1 = {https://doi.org/10.1145/37402.37422}}

@article{lorigo2001,
	author = {L.M. Lorigo and O.D. Faugeras and W.E.L. Grimson and R. Keriven and R. Kikinis and A. Nabavi and C.-F. Westin},
	doi = {10.1016/S1361-8415(01)00040-8},
	issn = {1361-8415},
	journal = {Medical Image Analysis},
	number = 3,
	pages = {195--206},
	title = {{CURVES:} Curve evolution for vessel segmentation},
	url = {https://doi.org/10.1016/S1361-8415(01)00040-8},
	volume = 5,
	year = 2001,
	bdsk-url-1 = {https://doi.org/10.1016/S1361-8415(01)00040-8}}

@article{malladi1995,
	author = {Malladi, Ravikanth and Sethian, James A. and Vemuri, Baba C.},
	doi = {10.1109/34.368173},
	journal = {IEEE Transactions on Pattern Analysis and Machine Intelligence},
	number = 2,
	pages = {158--175},
	title = {Shape modeling with front propagation: a level set approach},
	url = {https://doi.org/10.1109/34.368173},
	volume = 17,
	year = 1995,
	bdsk-url-1 = {https://doi.org/10.1109/34.368173}}

@article{martin1968,
	author = {Martin, R. S. and Reinsch, C. and Wilkinson, J. H.},
	doi = {10.1007/BF02161841},
	journal = {Numerische Mathematik},
	number = 3,
	pages = {181--195},
	title = {Householder's tridiagonalization of a symmetric matrix},
	url = {https://doi.org/10.1007/BF02161841},
	volume = 11,
	year = 1968,
	bdsk-url-1 = {https://doi.org/10.1007/BF02161841}}

@inbook{martin1971,
	address = {Berlin, Heidelberg},
	author = {Martin, R. S. and Reinsch, C. and Wilkinson, J. H.},
	booktitle = {Handbook for Automatic Computation: Volume II: Linear Algebra},
	doi = {10.1007/978-3-642-86940-2_13},
	pages = {212--226},
	publisher = {Springer Berlin Heidelberg},
	title = {Householder's Tridiagonalization of a Symmetric Matrix},
	url = {https://doi.org/10.1007/978-3-642-86940-2_13},
	year = 1971,
	bdsk-url-1 = {https://doi.org/10.1007/978-3-642-86940-2_13}}

@article{matsumoto1998,
	author = {Matsumoto, Makoto and Nishimura, Takuji},
	doi = {10.1145/272991.272995},
	journal = {ACM Transactions on Modeling and Computer Simulation},
	number = 1,
	pages = {3--30},
	title = {Mersenne twister: a 623-dimensionally equidistributed uniform pseudo-random number generator},
	url = {https://doi.org/10.1145/272991.272995},
	volume = 8,
	year = 1998,
	bdsk-url-1 = {https://doi.org/10.1145/272991.272995}}

@inproceedings{mattes2001,
	author = {David Mattes and David R. Haynor and Hubert Vesselle and Thomas K. Lewellyn and William Eubank},
	booktitle = {Medical Imaging 2001: Image Processing},
	doi = {10.1117/12.431046},
	editor = {Milan Sonka and Kenneth M. Hanson},
	organization = {International Society for Optics and Photonics},
	pages = {1609 -- 1620},
	publisher = {SPIE},
	title = {{Nonrigid multimodality image registration}},
	url = {https://doi.org/10.1117/12.431046},
	volume = 4322,
	year = 2001,
	bdsk-url-1 = {https://doi.org/10.1117/12.431046}}

@article{mattes2003,
	author = {Mattes, D. and Haynor, D.R. and Vesselle, H. and Lewellen, T.K. and Eubank, W.},
	doi = {10.1109/TMI.2003.809072},
	journal = {IEEE Transactions on Medical Imaging},
	number = 1,
	pages = {120--128},
	title = {PET-CT image registration in the chest using free-form deformations},
	url = {https://doi.org/10.1109/TMI.2003.809072},
	volume = 22,
	year = 2003,
	bdsk-url-1 = {https://doi.org/10.1109/TMI.2003.809072}}

@article{maurer2003,
	author = {Maurer, C.R. and Rensheng Qi and Raghavan, V.},
	doi = {10.1109/TPAMI.2003.1177156},
	journal = {IEEE Transactions on Pattern Analysis and Machine Intelligence},
	number = 2,
	pages = {265--270},
	title = {A linear time algorithm for computing exact Euclidean distance transforms of binary images in arbitrary dimensions},
	url = {https://doi.org/10.1109/TPAMI.2003.1177156},
	volume = 25,
	year = 2003,
	bdsk-url-1 = {https://doi.org/10.1109/TPAMI.2003.1177156}}

@inproceedings{meijering1999,
	author = {Meijering, Erik H. W. and Niessen, Wiro J. and Pluim, Josien P. W. and Viergever, Max A.},
	booktitle = {Medical Image Computing and Computer-Assisted Intervention {(MICCAI)}},
	doi = {10.1007/10704282_23},
	pages = {210--217},
	title = {Quantitative Comparison of Sinc-Approximating Kernels for Medical Image Interpolation},
	url = {https://doi.org/10.1007/10704282_23},
	year = 1999,
	bdsk-url-1 = {https://doi.org/10.1007/10704282_23}}

@article{meijster2002,
	author = {Meijster, A. and Wilkinson, M.H.F.},
	doi = {10.1109/34.993556},
	journal = {IEEE Transactions on Pattern Analysis and Machine Intelligence},
	number = 4,
	pages = {484--494},
	title = {A comparison of algorithms for connected set openings and closings},
	url = {https://doi.org/10.1109/34.993556},
	volume = 24,
	year = 2002,
	bdsk-url-1 = {https://doi.org/10.1109/34.993556}}

@article{melhem2002,
	author = {Melhem, Elias R. and Mori, Susumu and Mukundan, Govind and Kraut, Michael A. and Pomper, Martin G. and van Zijl, Peter C. M.},
	doi = {10.2214/ajr.178.1.1780003},
	journal = {American Journal of Roentgenology},
	number = 1,
	pages = {3--16},
	title = {Diffusion Tensor {MR} Imaging of the Brain and White Matter Tractography},
	url = {https://doi.org/10.2214/ajr.178.1.1780003},
	volume = 178,
	year = 2002,
	bdsk-url-1 = {https://doi.org/10.2214/ajr.178.1.1780003}}

@article{more1994,
	author = {Mor\'{e}, Jorge J. and Thuente, David J.},
	doi = {10.1145/192115.192132},
	journal = {ACM Transactions on Mathematical Software},
	number = 3,
	pages = {286--307},
	title = {Line search algorithms with guaranteed sufficient decrease},
	url = {https://doi.org/10.1145/192115.192132},
	volume = 20,
	year = 1994,
	bdsk-url-1 = {https://doi.org/10.1145/192115.192132}}

@article{ng2006,
	author = {Hui-Fuang Ng},
	doi = {10.1016/j.patrec.2006.03.009},
	issn = {0167-8655},
	journal = {Pattern Recognition Letters},
	number = 14,
	pages = {1644--1649},
	title = {Automatic thresholding for defect detection},
	url = {https://doi.org/10.1016/j.patrec.2006.03.009},
	volume = 27,
	year = 2006,
	bdsk-url-1 = {https://doi.org/10.1016/j.patrec.2006.03.009}}

@inproceedings{nikopoulos1997,
	author = {Nikos Nikopoulos and Ioannis Pitas},
	booktitle = {IEEE Workshop on Nonlinear Signal and Image Processing},
	title = {An Efficient Algorithm for {3D} Binary Morphological Transformations with {3D} Structuring Elements of Arbitrary Size and Shape},
	year = 1997}

@article{nocedal1980,
	author = {Jorge Nocedal},
	doi = {10.1090/S0025-5718-1980-0572855-7},
	journal = {Mathematics of Computation},
	number = 151,
	pages = {773--782},
	title = {Updating Quasi-Newton Matrices with Limited Storage},
	url = {https://doi.org/10.1090/S0025-5718-1980-0572855-7},
	volume = 35,
	year = 1980,
	bdsk-url-1 = {https://doi.org/10.1090/S0025-5718-1980-0572855-7}}

@article{nyul2000,
	author = {Nyul, L.G. and Udupa, J.K. and Xuan Zhang},
	doi = {10.1109/42.836373},
	journal = {IEEE Transactions on Medical Imaging},
	number = 2,
	pages = {143--150},
	title = {New variants of a method of {MRI} scale standardization},
	url = {https://doi.org/10.1109/42.836373},
	volume = 19,
	year = 2000,
	bdsk-url-1 = {https://doi.org/10.1109/42.836373}}

@inproceedings{padfield2010,
	author = {Padfield, Dirk},
	booktitle = {IEEE Computer Society Conference on Computer Vision and Pattern Recognition (CVPR)},
	doi = {10.1109/CVPR.2010.5540032},
	pages = {2918--2925},
	title = {Masked {FFT} registration},
	url = {https://doi.org/10.1109/CVPR.2010.5540032},
	year = 2010,
	bdsk-url-1 = {https://doi.org/10.1109/CVPR.2010.5540032}}

@article{padfield2012,
	author = {Padfield, Dirk},
	doi = {10.1109/TIP.2011.2181402},
	journal = {IEEE Transactions on Image Processing},
	number = 5,
	pages = {2706--2718},
	title = {Masked Object Registration in the Fourier Domain},
	url = {https://doi.org/10.1109/TIP.2011.2181402},
	volume = 21,
	year = 2012,
	bdsk-url-1 = {https://doi.org/10.1109/TIP.2011.2181402}}

@article{perona1990,
	author = {Pietro Perona and Jitendra Malik},
	doi = {10.1109/34.56205},
	journal = {IEEE Transactions on Pattern Analysis and Machine Intelligence},
	number = 7,
	pages = {629--639},
	title = {Scale-space and edge detection using anisotropic diffusion},
	url = {https://doi.org/10.1109/34.56205},
	volume = 12,
	year = 1990,
	bdsk-url-1 = {https://doi.org/10.1109/34.56205}}

@book{piegl1997,
	author = {Les Piegl and Wayne Tiller},
	doi = {10.1007/978-3-642-59223-2},
	publisher = {Springer Berlin},
	title = {The NURBS Book},
	url = {https://doi.org/10.1007/978-3-642-59223-2},
	year = 1997,
	bdsk-url-1 = {https://doi.org/10.1007/978-3-642-59223-2}}

@article{pikaz1996,
	author = {Arie Pikaz and Amir Averbuch},
	doi = {10.1016/0031-3203(95)00126-3},
	journal = {Pattern Recognition},
	number = 5,
	pages = {829--843},
	title = {Digital image thresholding, based on topological stable-state},
	url = {https://doi.org/10.1016/0031-3203(95)00126-3},
	volume = 29,
	year = 1996,
	bdsk-url-1 = {https://doi.org/10.1016/0031-3203(95)00126-3}}

@article{pluta2009,
	author = {John Pluta and Brian B. Avants and Simon Glynn and Suyash Awate and James C. Gee and John A. Detre},
	doi = {10.1002/hipo.20619},
	journal = {Hippocampus},
	number = 6,
	pages = {565--571},
	title = {Appearance and incomplete label matching for diffeomorphic template based hippocampus segmentation},
	url = {https://doi.org/10.1002/hipo.20619},
	volume = 19,
	year = 2009,
	bdsk-url-1 = {https://doi.org/10.1002/hipo.20619}}

@article{prewitt1966,
	author = {Prewitt, Judith M. S. and Mendelsohn, Mortimer L.},
	doi = {10.1111/j.1749-6632.1965.tb11715.x},
	journal = {Annals of the New York Academy of Sciences},
	number = 3,
	pages = {1035--1053},
	title = {The analysis of cell images},
	url = {https://doi.org/10.1111/j.1749-6632.1965.tb11715.x},
	volume = 128,
	year = 1966,
	bdsk-url-1 = {https://doi.org/10.1111/j.1749-6632.1965.tb11715.x}}

@article{ridler1978,
	author = {T.W. Ridler, S. Calvard, Picture},
	doi = {10.1109/TSMC.1978.4310039},
	journal = {IEEE Transactions on Systems, Man, and Cybernetics},
	number = 8,
	pages = {630--632},
	title = {Picture Thresholding Using an Iterative Selection Method},
	url = {https://doi.org/10.1109/TSMC.1978.4310039},
	volume = 8,
	year = 1978,
	bdsk-url-1 = {https://doi.org/10.1109/TSMC.1978.4310039}}

@article{robinson2004,
	author = {Kevin Robinson and Paul F. Whelan},
	doi = {10.1016/j.patrec.2004.07.002},
	journal = {Pattern Recognition Letters},
	number = 15,
	pages = {1759--1767},
	title = {Efficient morphological reconstruction: a downhill filter},
	url = {https://doi.org/10.1016/j.patrec.2004.07.002},
	volume = 25,
	year = 2004,
	bdsk-url-1 = {https://doi.org/10.1016/j.patrec.2004.07.002}}

@article{rohlfing2004,
	author = {Rohlfing, T. and Russakoff, D.B. and Maurer, C.R.},
	doi = {10.1109/TMI.2004.830803},
	journal = {IEEE Transactions on Medical Imaging},
	number = 8,
	pages = {983--994},
	title = {Performance-based classifier combination in atlas-based image segmentation using expectation-maximization parameter estimation},
	url = {https://doi.org/10.1109/TMI.2004.830803},
	volume = 23,
	year = 2004,
	bdsk-url-1 = {https://doi.org/10.1109/TMI.2004.830803}}

@article{rohlfing2005,
	author = {Torsten Rohlfing and Calvin R. Maurer},
	doi = {10.1016/j.patrec.2005.03.017},
	journal = {Pattern Recognition Letters},
	number = 13,
	pages = {2070--2079},
	title = {Multi-classifier framework for atlas-based image segmentation},
	url = {https://doi.org/10.1016/j.patrec.2005.03.017},
	volume = 26,
	year = 2005,
	bdsk-url-1 = {https://doi.org/10.1016/j.patrec.2005.03.017}}

@article{sapiro1996,
	author = {Sapiro, G. and Ringach, D.L.},
	doi = {10.1109/83.541429},
	journal = {IEEE Transactions on Image Processing},
	number = 11,
	pages = {1582--1586},
	title = {Anisotropic diffusion of multivalued images with applications to color filtering},
	url = {https://doi.org/10.1109/83.541429},
	volume = 5,
	year = 1996,
	bdsk-url-1 = {https://doi.org/10.1109/83.541429}}

@book{sethian1996,
	author = {James A. Sethian},
	publisher = {Cambridge University Press},
	title = {Level Set Methods Evolving Interfaces in Geometry, Fluid Mechanics, Computer Vision, and Materials Science},
	year = 1996}

@inbook{sethian1999,
	author = {J. A. Sethian},
	booktitle = {Level Set Methods and Fast Marching Methods},
	pages = {200--213},
	publisher = {Cambridge Press},
	title = {Image Enhancement and Noise Removal},
	year = 1999}

@inbook{sethian1999a,
	author = {J. A. Sethian},
	booktitle = {Level Set Methods and Fast Marching Methods},
	pages = {86--101},
	publisher = {Cambridge Press},
	title = {Efficient Schemes: Fast Marching Methods},
	year = 1999}

@inbook{sethian1999b,
	author = {J. A. Sethian},
	booktitle = {Level Set Methods and Fast Marching Methods},
	pages = {127--141},
	publisher = {Cambridge Press},
	title = {Constructing Extension Velocities},
	year = 1999}

@article{sezgin2004,
	author = {Mehmet Sezgin and B{\"u}lent Sankur},
	doi = {10.1117/1.1631315},
	journal = {Journal of Electronic Imaging},
	number = 1,
	pages = {146 -- 165},
	title = {{Survey over image thresholding techniques and quantitative performance evaluation}},
	url = {https://doi.org/10.1117/1.1631315},
	volume = 13,
	year = 2004,
	bdsk-url-1 = {https://doi.org/10.1117/1.1631315}}

@article{shanbhag1994,
	author = {A.G. Shanbhag},
	doi = {10.1006/cgip.1994.1037},
	issn = {1049-9652},
	journal = {CVGIP: Graphical Models and Image Processing},
	number = 5,
	pages = {414--419},
	title = {Utilization of Information Measure as a Means of Image Thresholding},
	url = {https://doi.org/10.1006/cgip.1994.1037},
	volume = 56,
	year = 1994,
	bdsk-url-1 = {https://doi.org/10.1006/cgip.1994.1037}}

@book{silverman1986,
	author = {B. W. Silverman},
	publisher = {Chapman and Hall},
	title = {Density Estimation for Statistics and Data Analysis},
	year = 1986}

@article{sled1998,
	author = {Sled, J.G. and Zijdenbos, A.P. and Evans, A.C.},
	doi = {10.1109/42.668698},
	journal = {IEEE Transactions on Medical Imaging},
	number = 1,
	pages = {87--97},
	title = {A nonparametric method for automatic correction of intensity nonuniformity in MRI data},
	url = {https://doi.org/10.1109/42.668698},
	volume = 17,
	year = 1998,
	bdsk-url-1 = {https://doi.org/10.1109/42.668698}}

@techreport{sobel1995,
	author = {Irwin Sobel},
	institution = {Hewlett-Packard Laboratories},
	title = {An Isotropic 3x3x3 Volume Gradient Operator},
	year = 1995}

@inbook{soille2004,
	address = {Berlin, Heidelberg},
	author = {Soille, Pierre},
	booktitle = {Morphological Image Analysis: Principles and Applications},
	doi = {10.1007/978-3-662-05088-0_6},
	pages = {183--218},
	publisher = {Springer Berlin Heidelberg},
	title = {Geodesic Transformations},
	url = {https://doi.org/10.1007/978-3-662-05088-0_6},
	year = 2004,
	bdsk-url-1 = {https://doi.org/10.1007/978-3-662-05088-0_6}}

@inbook{soille2004a,
	address = {Berlin, Heidelberg},
	author = {Soille, Pierre},
	booktitle = {Morphological Image Analysis: Principles and Applications},
	doi = {10.1007/978-3-662-05088-0_3},
	pages = {63--103},
	publisher = {Springer Berlin Heidelberg},
	title = {Erosion and Dilation},
	url = {https://doi.org/10.1007/978-3-662-05088-0_3},
	year = 2004,
	bdsk-url-1 = {https://doi.org/10.1007/978-3-662-05088-0_3}}

@inbook{soille2004b,
	address = {Berlin, Heidelberg},
	author = {Soille, Pierre},
	booktitle = {Morphological Image Analysis: Principles and Applications},
	doi = {10.1007/978-3-662-05088-0_4},
	pages = {105--137},
	publisher = {Springer Berlin Heidelberg},
	title = {Opening and Closing},
	url = {https://doi.org/10.1007/978-3-662-05088-0_4},
	year = 2004,
	bdsk-url-1 = {https://doi.org/10.1007/978-3-662-05088-0_4}}

@inbook{soille2004c,
	address = {Berlin, Heidelberg},
	author = {Soille, Pierre},
	booktitle = {Morphological Image Analysis: Principles and Applications},
	doi = {10.1007/978-3-662-05088-0_9},
	pages = {267--292},
	publisher = {Springer Berlin Heidelberg},
	title = {Segmentation},
	url = {https://doi.org/10.1007/978-3-662-05088-0_9},
	year = 2004,
	bdsk-url-1 = {https://doi.org/10.1007/978-3-662-05088-0_9}}

@techreport{spall1998,
	author = {James C. Spall},
	institution = {Johns Hopkins APL},
	number = {19(4)},
	title = {An Overview of the Simultaneous Perturbation Method for Efficient Optimization},
	url = {https://secwww.jhuapl.edu/techdigest/Content/techdigest/pdf/V19-N04/19-04-Spall.pdf},
	year = 1998,
	bdsk-url-1 = {https://secwww.jhuapl.edu/techdigest/Content/techdigest/pdf/V19-N04/19-04-Spall.pdf}}

@article{spall1998a,
	author = {Spall, James C.},
	doi = {10.1109/7.705889},
	journal = {IEEE Transactions on Aerospace and Electronic Systems},
	number = 3,
	pages = {817--823},
	title = {Implementation of the simultaneous perturbation algorithm for stochastic optimization},
	url = {https://doi.org/10.1109/7.705889},
	volume = 34,
	year = 1998,
	bdsk-url-1 = {https://doi.org/10.1109/7.705889}}

@inproceedings{sprengel1996,
	author = {Sprengel, R. and Rohr, K. and Stiehl, H.S.},
	booktitle = {Proceedings of 18th Annual International Conference of the IEEE Engineering in Medicine and Biology Society},
	doi = {10.1109/IEMBS.1996.652767},
	pages = {1190--1191},
	title = {Thin-plate spline approximation for image registration},
	url = {https://doi.org/10.1109/IEMBS.1996.652767},
	volume = 3,
	year = 1996,
	bdsk-url-1 = {https://doi.org/10.1109/IEMBS.1996.652767}}

@article{stark2000,
	author = {Stark, J. Alex},
	doi = {10.1109/83.841534},
	journal = {IEEE Transactions on Image Processing},
	number = 5,
	pages = {889--896},
	title = {Adaptive image contrast enhancement using generalizations of histogram equalization},
	url = {https://doi.org/10.1109/83.841534},
	volume = 9,
	year = 2000,
	bdsk-url-1 = {https://doi.org/10.1109/83.841534}}

@book{stroustrup1997,
	author = {Bjarne Stroustrup},
	publisher = {Addison Wesley},
	title = {The C++ Programming Language},
	year = 1997}

@techreport{styner1997,
	author = {Martin Styner and Guido Gerig},
	institution = {ETH Zurich},
	number = {TR-197},
	title = {Evaluation of {2D/3D} bias correction with {1+1ES-optimization}},
	year = 1997}

@article{styner2000,
	author = {Styner, M. and Brechbuhler, C. and Szckely, G. and Gerig, G.},
	doi = {10.1109/42.845174},
	journal = {IEEE Transactions on Medical Imaging},
	number = 3,
	pages = {153--165},
	title = {Parametric estimate of intensity inhomogeneities applied to {MRI}},
	url = {https://doi.org/10.1109/42.845174},
	volume = 19,
	year = 2000,
	bdsk-url-1 = {https://doi.org/10.1109/42.845174}}

@article{thevenaz2000,
	author = {Thevenaz, P. and Unser, M.},
	doi = {10.1109/83.887976},
	journal = {IEEE Transactions on Image Processing},
	number = 12,
	pages = {2083--2099},
	title = {Optimization of mutual information for multiresolution image registration},
	url = {https://doi.org/10.1109/83.887976},
	volume = 9,
	year = 2000,
	bdsk-url-1 = {https://doi.org/10.1109/83.887976}}

@techreport{thirion1995,
	author = {Jean-Philippe Thirion},
	institution = {INRIA},
	number = {RR-2547},
	title = {Fast Non-Rigid Matching of {3D} Medical Images},
	year = 1995}

@article{thirion1998,
	author = {Jean-Philippe Thirion},
	doi = {10.1016/S1361-8415(98)80022-4},
	journal = {Medical Image Analysis},
	number = 3,
	pages = {243--260},
	title = {Image matching as a diffusion process: an analogy with Maxwell's demons},
	url = {https://doi.org/10.1016/S1361-8415(98)80022-4},
	volume = 2,
	year = 1998,
	bdsk-url-1 = {https://doi.org/10.1016/S1361-8415(98)80022-4}}

@article{thurmer1998,
	author = {Grit Th{\:u}rmer and Charles A. W{\:u}thrich},
	doi = {10.1080/10867651.1998.10487487},
	journal = {Journal of Graphics Tools},
	number = 1,
	pages = {43--46},
	title = {Computing Vertex Normals from Polygonal Facets},
	url = {https://doi.org/10.1080/10867651.1998.10487487},
	volume = 3,
	year = 1998,
	bdsk-url-1 = {https://doi.org/10.1080/10867651.1998.10487487}}

@inproceedings{tomasi1998,
	author = {Tomasi, C. and Manduchi, R.},
	booktitle = {International Conference on Computer Vision (ICCV)},
	doi = {10.1109/ICCV.1998.710815},
	pages = {839--846},
	title = {Bilateral filtering for gray and color images},
	url = {https://doi.org/10.1109/ICCV.1998.710815},
	year = 1998,
	bdsk-url-1 = {https://doi.org/10.1109/ICCV.1998.710815}}

@article{tsai1985,
	author = {Wen-Hsiang Tsai},
	doi = {10.1016/0734-189X(85)90133-1},
	issn = {0734-189X},
	journal = {Computer Vision, Graphics, and Image Processing},
	number = 3,
	pages = {377--393},
	title = {Moment-preserving thresolding: A new approach},
	url = {https://doi.org/10.1016/0734-189X(85)90133-1},
	volume = 29,
	year = 1985,
	bdsk-url-1 = {https://doi.org/10.1016/0734-189X(85)90133-1}}

@inproceedings{tustison2006,
	author = {Tustison, Nicholas J. and Gee, James C.},
	booktitle = {Medical Imaging and Augmented Reality},
	doi = {10.1007/11812715_10},
	pages = {76--83},
	title = {Generalized {n-D} C$^k$B-Spline Scattered Data Approximation with Confidence Values},
	url = {https://doi.org/10.1007/11812715_10},
	year = 2006,
	bdsk-url-1 = {https://doi.org/10.1007/11812715_10}}

@article{tustison2009,
	author = {Tustison, Nicholas J. and Avants, Brian B. and Gee, James C.},
	doi = {10.1109/TIP.2008.2010072},
	journal = {IEEE Transactions on Image Processing},
	number = 3,
	pages = {624--635},
	title = {Directly Manipulated Free-Form Deformation Image Registration},
	url = {https://doi.org/10.1109/TIP.2008.2010072},
	volume = 18,
	year = 2009,
	bdsk-url-1 = {https://doi.org/10.1109/TIP.2008.2010072}}

@article{tustison2010,
	author = {Tustison, Nicholas J. and Avants, Brian B. and Cook, Philip A. and Zheng, Yuanjie and Egan, Alexander and Yushkevich, Paul A. and Gee, James C.},
	doi = {10.1109/TMI.2010.2046908},
	journal = {IEEE Transactions on Medical Imaging},
	number = 6,
	pages = {1310--1320},
	title = {{N4ITK}: Improved {N3} Bias Correction},
	url = {https://doi.org/10.1109/TMI.2010.2046908},
	volume = 29,
	year = 2010,
	bdsk-url-1 = {https://doi.org/10.1109/TMI.2010.2046908}}

@article{tustison2010a,
	author = {N. Tustison and S. Awate and J. Gee},
	doi = {10.54294/791z7t},
	journal = {The Insight Journal},
	title = {Information-Theoretic Directly Manipulated Free-Form Deformation Labeled Point-Set Registration},
	url = {https://doi.org/10.54294/791z7t},
	year = 2010,
	bdsk-url-1 = {https://doi.org/10.54294/791z7t}}

@article{tustison2011,
	author = {Tustison, Nicholas J. and Awate, Suyash P. and Song, Gang and Cook, Tessa S. and Gee, James C.},
	doi = {10.1109/TMI.2010.2086065},
	journal = {IEEE Transactions on Medical Imaging},
	number = 2,
	pages = {451--460},
	title = {Point Set Registration Using Havrda--Charvat--Tsallis Entropy Measures},
	url = {https://doi.org/10.1109/TMI.2010.2086065},
	volume = 30,
	year = 2011,
	bdsk-url-1 = {https://doi.org/10.1109/TMI.2010.2086065}}

@article{tustison2011a,
	author = {Tustison, Nicholas J. and Avants, Brian B. and Siqueira, Marcelo and Gee, James C.},
	doi = {10.1109/TIP.2010.2095021},
	journal = {IEEE Transactions on Image Processing},
	number = 6,
	pages = {1756--1761},
	title = {Topological Well-Composedness and Glamorous Glue: A Digital Gluing Algorithm for Topologically Constrained Front Propagation},
	url = {https://doi.org/10.1109/TIP.2010.2095021},
	volume = 20,
	year = 2011,
	bdsk-url-1 = {https://doi.org/10.1109/TIP.2010.2095021}}

@article{unser1993,
	author = {Unser, M. and Aldroubi, A. and Eden, M.},
	doi = {10.1109/78.193220},
	journal = {IEEE Transactions on Signal Processing},
	number = 2,
	pages = {821--833},
	title = {B-spline signal processing. {I. Theory}},
	url = {https://doi.org/10.1109/78.193220},
	volume = 41,
	year = 1993,
	bdsk-url-1 = {https://doi.org/10.1109/78.193220}}

@article{unser1993a,
	author = {Unser, M. and Aldroubi, A. and Eden, M.},
	doi = {10.1109/78.193221},
	journal = {IEEE Transactions on Signal Processing},
	number = 2,
	pages = {834--848},
	title = {B-spline signal processing. {II. Efficiency} design and applications},
	url = {https://doi.org/10.1109/78.193221},
	volume = 41,
	year = 1993,
	bdsk-url-1 = {https://doi.org/10.1109/78.193221}}

@article{unser1999,
	author = {Michael Unser},
	doi = {10.1109/79.799930},
	journal = {IEEE Signal Processing Magazine},
	number = 6,
	pages = {22--38},
	title = {Splines: a perfect fit for signal and image processing},
	url = {https://doi.org/10.1109/79.799930},
	volume = 16,
	year = 1999,
	bdsk-url-1 = {https://doi.org/10.1109/79.799930}}

@article{urish2005,
	author = {Urish, Kenneth and August, Jonas and Huard, Johnny},
	doi = {10.54294/h1vbsl},
	journal = {The Insight Journal},
	title = {Unsupervised Segmentation for Myofiber Counting in Immunofluorescent Microscopy Images},
	url = {https://doi.org/10.54294/h1vbsl},
	year = 2005,
	bdsk-url-1 = {https://doi.org/10.54294/h1vbsl}}

@article{vemuri2003,
	author = {B.C. Vemuri and J. Ye and Y. Chen and C.M. Leonard},
	doi = {10.1016/S1361-8415(02)00063-4},
	issn = {1361-8415},
	journal = {Medical Image Analysis},
	number = 1,
	pages = {1--20},
	title = {Image registration via level-set motion: Applications to atlas-based segmentation},
	url = {https://doi.org/10.1016/S1361-8415(02)00063-4},
	volume = 7,
	year = 2003,
	bdsk-url-1 = {https://doi.org/10.1016/S1361-8415(02)00063-4}}

@inproceedings{vercauteren2007,
	author = {Vercauteren, Tom and Pennec, Xavier and Perchant, Aymeric and Ayache, Nicholas},
	booktitle = {Medical Image Computing and Computer-Assisted Intervention {(MICCAI)}},
	doi = {10.1007/978-3-540-75759-7_39},
	pages = {319--326},
	title = {Non-parametric Diffeomorphic Image Registration with the Demons Algorithm},
	url = {https://doi.org/10.1007/978-3-540-75759-7_39},
	year = 2007,
	bdsk-url-1 = {https://doi.org/10.1007/978-3-540-75759-7_39}}

@article{vincent1991,
	author = {Luc Vincent},
	doi = {10.1016/0165-1684(91)90025-E},
	journal = {Signal Processing},
	number = 1,
	pages = {3--23},
	title = {Morphological transformations of binary images with arbitrary structuring elements},
	url = {https://doi.org/10.1016/0165-1684(91)90025-E},
	volume = 22,
	year = 1991,
	bdsk-url-1 = {https://doi.org/10.1016/0165-1684(91)90025-E}}

@article{vincent1993,
	author = {Luc Vincent},
	doi = {10.1109/83.217222},
	journal = {IEEE Transactions on Image Processing},
	number = 2,
	pages = {176--201},
	title = {Morphological grayscale reconstruction in image analysis: applications and efficient algorithms},
	url = {https://doi.org/10.1109/83.217222},
	volume = 2,
	year = 1993,
	bdsk-url-1 = {https://doi.org/10.1109/83.217222}}

@article{viola1997,
	author = {Viola, Paul and Wells III, William M.},
	doi = {10.1023/A:1007958904918},
	journal = {International Journal of Computer Vision},
	number = 2,
	pages = {137--154},
	title = {Alignment by Maximization of Mutual Information},
	url = {https://doi.org/10.1023/A:1007958904918},
	volume = 24,
	year = 1997,
	bdsk-url-1 = {https://doi.org/10.1023/A:1007958904918}}

@article{wachowiak2004,
	author = {Wachowiak, M.P. and Smolikova, R. and Yufeng Zheng and Zurada, J.M. and Elmaghraby, A.S.},
	doi = {10.1109/TEVC.2004.826068},
	journal = {IEEE Transactions on Evolutionary Computation},
	number = 3,
	pages = {289--301},
	title = {An approach to multimodal biomedical image registration utilizing particle swarm optimization},
	url = {https://doi.org/10.1109/TEVC.2004.826068},
	volume = 8,
	year = 2004,
	bdsk-url-1 = {https://doi.org/10.1109/TEVC.2004.826068}}

@article{wallace1996,
	author = {Wallace, C. S.},
	doi = {10.1145/225545.225554},
	journal = {ACM Transactions on Mathematical Software},
	number = 1,
	pages = {119--127},
	title = {Fast pseudorandom generators for normal and exponential variates},
	url = {https://doi.org/10.1145/225545.225554},
	volume = 22,
	year = 1996,
	bdsk-url-1 = {https://doi.org/10.1145/225545.225554}}

@inproceedings{warfield2002,
	author = {Warfield, Simon K. and Zou, Kelly H. and Wells, William M.},
	booktitle = {Medical Image Computing and Computer-Assisted Intervention {(MICCAI)}},
	doi = {10.1007/3-540-45786-0_37},
	pages = {298--306},
	title = {Validation of Image Segmentation and Expert Quality with an Expectation-Maximization Algorithm},
	url = {https://doi.org/10.1007/3-540-45786-0_37},
	year = 2002,
	bdsk-url-1 = {https://doi.org/10.1007/3-540-45786-0_37}}

@article{westin2002,
	doi = {10.1016/S1361-8415(02)00053-1},
	issn = {1361-8415},
	journal = {Medical Image Analysis},
	number = 2,
	pages = {93--108},
	title = {Processing and visualization for diffusion tensor {MRI}},
	url = {https://doi.org/10.1016/S1361-8415(02)00053-1},
	volume = 6,
	year = 2002,
	bdsk-url-1 = {https://doi.org/10.1016/S1361-8415(02)00053-1}}

@inproceedings{westin2002a,
	author = {Westin, C. F. and Maier, S. E.},
	booktitle = {International Society for Magnetic Resonance in Medicine (ISMRM)},
	title = {A Dual Tensor Basis Solution to the Stejskal-Tanner Equations for {DT-MRI}},
	url = {https://cds.ismrm.org/ismrm-2002/PDF4/1166.PDF},
	year = 2002,
	bdsk-url-1 = {https://cds.ismrm.org/ismrm-2002/PDF4/1166.PDF}}

@article{whitaker1998,
	author = {Whitaker, Ross T.},
	doi = {10.1023/A:1008036829907},
	journal = {International Journal of Computer Vision},
	number = 3,
	pages = {203--231},
	title = {A Level-Set Approach to {3D} Reconstruction from Range Data},
	url = {https://doi.org/10.1023/A:1008036829907},
	volume = 29,
	year = 1998,
	bdsk-url-1 = {https://doi.org/10.1023/A:1008036829907}}

@inproceedings{whitaker2000,
	author = {Whitaker, Ross T.},
	booktitle = {IEEE Symposium on Volume Visualization (VV 2000)},
	doi = {10.1109/VV.2000.10004},
	pages = {23--32},
	title = {Reducing Aliasing Artifacts in Iso-Surfaces of Binary Volumes},
	url = {https://doi.org/10.1109/VV.2000.10004},
	year = 2000,
	bdsk-url-1 = {https://doi.org/10.1109/VV.2000.10004}}

@inproceedings{whitaker2001,
	author = {Ross T. Whitaker and Xinwei Xue},
	booktitle = {International Conference on Image Processing},
	doi = {10.1109/ICIP.2001.958071},
	pages = {142--145},
	title = {Variable-conductance, level-set curvature for image denoising},
	url = {https://doi.org/10.1109/ICIP.2001.958071},
	volume = 3,
	year = 2001,
	bdsk-url-1 = {https://doi.org/10.1109/ICIP.2001.958071}}

@article{yen1995,
	author = {Jui-Cheng Yen and Fu-Juay Chang and Shyang Chang},
	doi = {10.1109/83.366472},
	journal = {IEEE Transactions on Image Processing},
	number = 3,
	pages = {370--378},
	title = {A new criterion for automatic multilevel thresholding},
	url = {https://doi.org/10.1109/83.366472},
	volume = 4,
	year = 1995,
	bdsk-url-1 = {https://doi.org/10.1109/83.366472}}

@article{zhu1997,
	author = {Zhu, Ciyou and Byrd, Richard H. and Lu, Peihuang and Nocedal, Jorge},
	doi = {10.1145/279232.279236},
	journal = {ACM Transactions on Mathematical Software},
	number = 4,
	pages = {550--560},
	title = {Algorithm 778: {L-BFGS-B}: Fortran subroutines for large-scale bound-constrained optimization},
	url = {https://doi.org/10.1145/279232.279236},
	volume = 23,
	year = 1997,
	bdsk-url-1 = {https://doi.org/10.1145/279232.279236}}

@article{zijdenbos1994,
	author = {Zijdenbos, A.P. and Dawant, B.M. and Margolin, R.A. and Palmer, A.C.},
	doi = {10.1109/42.363096},
	journal = {IEEE Transactions on Medical Imaging},
	number = 4,
	pages = {716--724},
	title = {Morphometric analysis of white matter lesions in {MR} images: method and validation},
	url = {https://doi.org/10.1109/42.363096},
	volume = 13,
	year = 1994,
	bdsk-url-1 = {https://doi.org/10.1109/42.363096}}

@article{Tustison_2005,
	author = {Tustison, Nicholas J. and Gee, James},
	doi = {10.54294/0d55to},
	issn = {2327-770X},
	journal = {The Insight Journal},
	month = nov,
	publisher = {NumFOCUS - Insight Software Consortium (ITK)},
	title = {N-D $C^k$ B-Spline Scattered Data Approximation},
	url = {https//dx.doi.org/10.54294/0d55to},
	year = {2005},
	bdsk-url-1 = {https//dx.doi.org/10.54294/0d55to},
	bdsk-url-2 = {https://doi.org/10.54294/0d55to}}

@article{Lehmann_2010_b,
	author = {Lehmann, Gaetan},
	doi = {10.54294/0iky0u},
	issn = {2327-770X},
	journal = {The Insight Journal},
	month = jul,
	publisher = {NumFOCUS - Insight Software Consortium (ITK)},
	title = {FFT based convolution},
	url = {https//dx.doi.org/10.54294/0iky0u},
	year = {2010},
	bdsk-url-1 = {https//dx.doi.org/10.54294/0iky0u},
	bdsk-url-2 = {https://doi.org/10.54294/0iky0u}}

@article{Lehmann_2006_a,
	author = {Lehmann, Gaetan},
	doi = {10.54294/0pjyho},
	issn = {2327-770X},
	journal = {The Insight Journal},
	month = jan,
	publisher = {NumFOCUS - Insight Software Consortium (ITK)},
	title = {Image projections along an axis},
	url = {https//dx.doi.org/10.54294/0pjyho},
	year = {2006},
	bdsk-url-1 = {https//dx.doi.org/10.54294/0pjyho},
	bdsk-url-2 = {https://doi.org/10.54294/0pjyho}}

@article{Tustison_2009_d,
	author = {Tustison, Nicholas J. and Gee, James},
	doi = {10.54294/1vixgg},
	issn = {2327-770X},
	journal = {The Insight Journal},
	month = dec,
	publisher = {NumFOCUS - Insight Software Consortium (ITK)},
	title = {Introducing Dice, Jaccard, and Other Label Overlap Measures To ITK},
	url = {https//dx.doi.org/10.54294/1vixgg},
	year = {2009},
	bdsk-url-1 = {https//dx.doi.org/10.54294/1vixgg},
	bdsk-url-2 = {https://doi.org/10.54294/1vixgg}}

@article{Mosaliganti_2009_a,
	author = {Mosaliganti, Kishore and Smith, Benjamin and Gelas, Arnaud and Gouaillard, Alexandre and megason, sean},
	doi = {10.54294/23ugmy},
	issn = {2327-770X},
	journal = {The Insight Journal},
	month = apr,
	publisher = {NumFOCUS - Insight Software Consortium (ITK)},
	title = {Level set segmentation using coupled active surfaces},
	url = {https//dx.doi.org/10.54294/23ugmy},
	year = {2009},
	bdsk-url-1 = {https//dx.doi.org/10.54294/23ugmy},
	bdsk-url-2 = {https://doi.org/10.54294/23ugmy}}

@article{Lehmann_2006_b,
	author = {Lehmann, Gaetan},
	doi = {10.54294/39qekn},
	issn = {2327-770X},
	journal = {The Insight Journal},
	month = nov,
	publisher = {NumFOCUS - Insight Software Consortium (ITK)},
	title = {Kappa Sigma Clipping},
	url = {https//dx.doi.org/10.54294/39qekn},
	year = {2006},
	bdsk-url-1 = {https//dx.doi.org/10.54294/39qekn},
	bdsk-url-2 = {https://doi.org/10.54294/39qekn}}

@article{Lehmann_2006_c,
	author = {Lehmann, Gaetan},
	doi = {10.54294/47329s},
	issn = {2327-770X},
	journal = {The Insight Journal},
	month = nov,
	publisher = {NumFOCUS - Insight Software Consortium (ITK)},
	title = {Slice by slice filtering with ITK},
	url = {https//dx.doi.org/10.54294/47329s},
	year = {2006},
	bdsk-url-1 = {https//dx.doi.org/10.54294/47329s},
	bdsk-url-2 = {https://doi.org/10.54294/47329s}}

@article{Mccormick_2012,
	author = {Mccormick, Matthew},
	doi = {10.54294/4c92vb},
	issn = {2327-770X},
	journal = {The Insight Journal},
	month = jul,
	publisher = {NumFOCUS - Insight Software Consortium (ITK)},
	title = {An ITK Class that Splits Multi-Component Images},
	url = {https//dx.doi.org/10.54294/4c92vb},
	year = {2012},
	bdsk-url-1 = {https//dx.doi.org/10.54294/4c92vb},
	bdsk-url-2 = {https://doi.org/10.54294/4c92vb}}

@article{Staring_2008,
	author = {Staring, Marius},
	doi = {10.54294/4ids6q},
	issn = {2327-770X},
	journal = {The Insight Journal},
	month = jun,
	publisher = {NumFOCUS - Insight Software Consortium (ITK)},
	title = {Generating a Deformation Field from a Transform},
	url = {https//dx.doi.org/10.54294/4ids6q},
	year = {2008},
	bdsk-url-1 = {https//dx.doi.org/10.54294/4ids6q},
	bdsk-url-2 = {https://doi.org/10.54294/4ids6q}}

@article{Gouaillard_2006,
	author = {Gouaillard, Alexandre and Florez-Valencia, Leonardo and Boix, Eric},
	doi = {10.54294/4mx7kk},
	issn = {2327-770X},
	journal = {The Insight Journal},
	month = sep,
	publisher = {NumFOCUS - Insight Software Consortium (ITK)},
	title = {ItkQuadEdgeMesh: A Discrete Orientable 2-Manifold Data Structure for Image Processing},
	url = {https//dx.doi.org/10.54294/4mx7kk},
	year = {2006},
	bdsk-url-1 = {https//dx.doi.org/10.54294/4mx7kk},
	bdsk-url-2 = {https://doi.org/10.54294/4mx7kk}}

@article{Wu_2010,
	author = {Wu, Jian},
	doi = {10.54294/6f280b},
	issn = {2327-770X},
	journal = {The Insight Journal},
	month = dec,
	publisher = {NumFOCUS - Insight Software Consortium (ITK)},
	title = {ITK-Based Implementation of Two-Projection 2D/3D Registration Method with an Application in Patient Setup for External Beam Radiotherapy},
	url = {https//dx.doi.org/10.54294/6f280b},
	year = {2010},
	bdsk-url-1 = {https//dx.doi.org/10.54294/6f280b},
	bdsk-url-2 = {https://doi.org/10.54294/6f280b}}

@article{Ibanez_2014,
	author = {Ibanez, Luis},
	doi = {10.54294/7rr2te},
	issn = {2327-770X},
	journal = {The Insight Journal},
	month = jan,
	publisher = {NumFOCUS - Insight Software Consortium (ITK)},
	title = {STL file format MeshIO class for ITK},
	url = {https//dx.doi.org/10.54294/7rr2te},
	year = {2014},
	bdsk-url-1 = {https//dx.doi.org/10.54294/7rr2te},
	bdsk-url-2 = {https://doi.org/10.54294/7rr2te}}

@article{Lehmann_2006_d,
	author = {Lehmann, Gaetan},
	doi = {10.54294/7w23qz},
	issn = {2327-770X},
	journal = {The Insight Journal},
	month = nov,
	publisher = {NumFOCUS - Insight Software Consortium (ITK)},
	title = {Robust Automatic Threshold Selection},
	url = {https//dx.doi.org/10.54294/7w23qz},
	year = {2006},
	bdsk-url-1 = {https//dx.doi.org/10.54294/7w23qz},
	bdsk-url-2 = {https://doi.org/10.54294/7w23qz}}

@article{Gelas_2007,
	author = {Gelas, Arnaud and Gouaillard, Alexandre},
	doi = {10.54294/8ga88z},
	issn = {2327-770X},
	journal = {The Insight Journal},
	month = nov,
	publisher = {NumFOCUS - Insight Software Consortium (ITK)},
	title = {Parameterization of discrete surfaces},
	url = {https//dx.doi.org/10.54294/8ga88z},
	year = {2007},
	bdsk-url-1 = {https//dx.doi.org/10.54294/8ga88z},
	bdsk-url-2 = {https://doi.org/10.54294/8ga88z}}

@article{Lowekamp_2018,
	author = {Lowekamp, Bradley and Chen, David and Yaniv, Ziv and Yoo, Terry},
	doi = {10.54294/8hic7f},
	issn = {2327-770X},
	journal = {The Insight Journal},
	month = jul,
	publisher = {NumFOCUS - Insight Software Consortium (ITK)},
	title = {Scalable Simple Linear Iterative Clustering (SSLIC) Using a Generic and Parallel Approach},
	url = {https//dx.doi.org/10.54294/8hic7f},
	year = {2018},
	bdsk-url-1 = {https//dx.doi.org/10.54294/8hic7f},
	bdsk-url-2 = {https://doi.org/10.54294/8hic7f}}

@article{Mosaliganti_2009_b,
	author = {Mosaliganti, Kishore and Smith, Benjamin and Gelas, Arnaud and Gouaillard, Alexandre and megason, sean},
	doi = {10.54294/8jk6oy},
	issn = {2327-770X},
	journal = {The Insight Journal},
	month = mar,
	publisher = {NumFOCUS - Insight Software Consortium (ITK)},
	title = {Level Set Segmentation: Active Contours without edge},
	url = {https//dx.doi.org/10.54294/8jk6oy},
	year = {2009},
	bdsk-url-1 = {https//dx.doi.org/10.54294/8jk6oy},
	bdsk-url-2 = {https://doi.org/10.54294/8jk6oy}}

@article{Tustison_2016,
	author = {Tustison, Nicholas J. and Manjon, Jose},
	doi = {10.54294/9f5wt3},
	issn = {2327-770X},
	journal = {The Insight Journal},
	month = aug,
	publisher = {NumFOCUS - Insight Software Consortium (ITK)},
	title = {Two Luis Miguel fans walk into a bar in Nagoya ---&gt; (yada, yada, yada) ---&gt; an ITK-implementation of a popular patch-based denoising filter},
	url = {https//dx.doi.org/10.54294/9f5wt3},
	year = {2016},
	bdsk-url-1 = {https//dx.doi.org/10.54294/9f5wt3},
	bdsk-url-2 = {https://doi.org/10.54294/9f5wt3}}

@article{Mccormick_2016,
	author = {Mccormick, Matthew and Kang, Hyun-jae and BARRE, Sebastien},
	doi = {10.54294/9feae9},
	issn = {2327-770X},
	journal = {The Insight Journal},
	month = jul,
	publisher = {NumFOCUS - Insight Software Consortium (ITK)},
	title = {Performance Benchmarking the Insight Toolkit},
	url = {https//dx.doi.org/10.54294/9feae9},
	year = {2016},
	bdsk-url-1 = {https//dx.doi.org/10.54294/9feae9},
	bdsk-url-2 = {https://doi.org/10.54294/9feae9}}

@article{Zuki__2016_b,
	author = {Zuki{\'c}, D{\v z}enan and Vicory, Jared and Mccormick, Matthew and Wisse, Laura and Gerig, Guido and Yushkevich, Paul and Aylward, Stephen},
	doi = {10.54294/achtrg},
	issn = {2327-770X},
	journal = {The Insight Journal},
	month = aug,
	publisher = {NumFOCUS - Insight Software Consortium (ITK)},
	title = {ND morphological contour interpolation},
	url = {https//dx.doi.org/10.54294/achtrg},
	year = {2016},
	bdsk-url-1 = {https//dx.doi.org/10.54294/achtrg},
	bdsk-url-2 = {https://doi.org/10.54294/achtrg}}

@article{Beare_2008,
	author = {Beare, Richard},
	doi = {10.54294/aq68pt},
	issn = {2327-770X},
	journal = {The Insight Journal},
	month = dec,
	publisher = {NumFOCUS - Insight Software Consortium (ITK)},
	title = {Morphology with parabolic structuring elements},
	url = {https//dx.doi.org/10.54294/aq68pt},
	year = {2008},
	bdsk-url-1 = {https//dx.doi.org/10.54294/aq68pt},
	bdsk-url-2 = {https://doi.org/10.54294/aq68pt}}

@article{Lehmann_2005,
	author = {Lehmann, Gaetan},
	doi = {10.54294/bcwtvq},
	issn = {2327-770X},
	journal = {The Insight Journal},
	month = nov,
	publisher = {NumFOCUS - Insight Software Consortium (ITK)},
	title = {Binary morphological closing and opening image filters},
	url = {https//dx.doi.org/10.54294/bcwtvq},
	year = {2005},
	bdsk-url-1 = {https//dx.doi.org/10.54294/bcwtvq},
	bdsk-url-2 = {https://doi.org/10.54294/bcwtvq}}

@article{Mosaliganti_2010,
	author = {Mosaliganti, Kishore and Ibanez, Luis and Megason, Sean},
	doi = {10.54294/bo53br},
	issn = {2327-770X},
	journal = {The Insight Journal},
	month = aug,
	publisher = {NumFOCUS - Insight Software Consortium (ITK)},
	title = {Support for Streaming the JPEG2000 File Format},
	url = {https//dx.doi.org/10.54294/bo53br},
	year = {2010},
	bdsk-url-1 = {https//dx.doi.org/10.54294/bo53br},
	bdsk-url-2 = {https://doi.org/10.54294/bo53br}}

@article{Lehmann_2008,
	author = {Lehmann, Gaetan},
	doi = {10.54294/c7d3gv},
	issn = {2327-770X},
	journal = {The Insight Journal},
	month = apr,
	publisher = {NumFOCUS - Insight Software Consortium (ITK)},
	title = {Efficient contour detection in binary and label images},
	url = {https//dx.doi.org/10.54294/c7d3gv},
	year = {2008},
	bdsk-url-1 = {https//dx.doi.org/10.54294/c7d3gv},
	bdsk-url-2 = {https://doi.org/10.54294/c7d3gv}}

@article{Vidal_Migallon_2013,
	author = {Vidal-Migallon, Irina and Commowick, Olivier and Pennec, Xavier and Dauguet, Julien and Vercauteren, Tom},
	doi = {10.54294/cpyaig},
	issn = {2327-770X},
	journal = {The Insight Journal},
	month = jul,
	publisher = {NumFOCUS - Insight Software Consortium (ITK)},
	title = {GPU and CPU implementation of Young - Van Vliet's Recursive Gaussian Smoothing Filter},
	url = {https//dx.doi.org/10.54294/cpyaig},
	year = {2013},
	bdsk-url-1 = {https//dx.doi.org/10.54294/cpyaig},
	bdsk-url-2 = {https://doi.org/10.54294/cpyaig}}

@article{Mueller_2010,
	author = {Mueller, Dan},
	doi = {10.54294/df9mgw},
	issn = {2327-770X},
	journal = {The Insight Journal},
	month = jul,
	publisher = {NumFOCUS - Insight Software Consortium (ITK)},
	title = {Cuberille Implicit Surface Polygonization for ITK},
	url = {https//dx.doi.org/10.54294/df9mgw},
	year = {2010},
	bdsk-url-1 = {https//dx.doi.org/10.54294/df9mgw},
	bdsk-url-2 = {https://doi.org/10.54294/df9mgw}}

@article{Tustison_2007_b,
	author = {Tustison, Nicholas J. and Gee, James},
	doi = {10.54294/dhogdz},
	issn = {2327-770X},
	journal = {The Insight Journal},
	month = apr,
	publisher = {NumFOCUS - Insight Software Consortium (ITK)},
	title = {Go-Go Gabor Gadgetry},
	url = {https//dx.doi.org/10.54294/dhogdz},
	year = {2007},
	bdsk-url-1 = {https//dx.doi.org/10.54294/dhogdz},
	bdsk-url-2 = {https://doi.org/10.54294/dhogdz}}

@article{Tustison_2009_a,
	author = {Tustison, Nicholas J. and Gee, James},
	doi = {10.54294/e292kx},
	issn = {2327-770X},
	journal = {The Insight Journal},
	month = jan,
	publisher = {NumFOCUS - Insight Software Consortium (ITK)},
	title = {Image Kernel Convolution},
	url = {https//dx.doi.org/10.54294/e292kx},
	year = {2009},
	bdsk-url-1 = {https//dx.doi.org/10.54294/e292kx},
	bdsk-url-2 = {https://doi.org/10.54294/e292kx}}

@article{Schaerer_2014,
	author = {Schaerer, Jo{\"e}l},
	doi = {10.54294/e5lmyz},
	issn = {2327-770X},
	journal = {The Insight Journal},
	month = feb,
	publisher = {NumFOCUS - Insight Software Consortium (ITK)},
	title = {A MultipleImageIterator for iterating over multiple images simultaneously},
	url = {https//dx.doi.org/10.54294/e5lmyz},
	year = {2014},
	bdsk-url-1 = {https//dx.doi.org/10.54294/e5lmyz},
	bdsk-url-2 = {https://doi.org/10.54294/e5lmyz}}

@article{Beare_2011,
	author = {Beare, Richard},
	doi = {10.54294/efycla},
	issn = {2327-770X},
	journal = {The Insight Journal},
	month = jun,
	publisher = {NumFOCUS - Insight Software Consortium (ITK)},
	title = {Histogram-based thresholding - some missing methods},
	url = {https//dx.doi.org/10.54294/efycla},
	year = {2011},
	bdsk-url-1 = {https//dx.doi.org/10.54294/efycla},
	bdsk-url-2 = {https://doi.org/10.54294/efycla}}

@article{Mirebeau_2014,
	author = {Mirebeau, Jean-marie and Fehrenbach, J{\'e}r{\^o}me and Risser, Laurent and Tobji, Shaza},
	doi = {10.54294/en3833},
	issn = {2327-770X},
	journal = {The Insight Journal},
	month = dec,
	publisher = {NumFOCUS - Insight Software Consortium (ITK)},
	title = {Anisotropic Diffusion in ITK},
	url = {https//dx.doi.org/10.54294/en3833},
	year = {2014},
	bdsk-url-1 = {https//dx.doi.org/10.54294/en3833},
	bdsk-url-2 = {https://doi.org/10.54294/en3833}}

@article{Vigneault_2016,
	author = {Vigneault, Davis},
	doi = {10.54294/evr01z},
	issn = {2327-770X},
	journal = {The Insight Journal},
	month = nov,
	publisher = {NumFOCUS - Insight Software Consortium (ITK)},
	title = {Perturbing Mesh Vertices with Additive Gaussian Noise},
	url = {https//dx.doi.org/10.54294/evr01z},
	year = {2016},
	bdsk-url-1 = {https//dx.doi.org/10.54294/evr01z},
	bdsk-url-2 = {https://doi.org/10.54294/evr01z}}

@article{Tustison_2011,
	author = {Tustison, Nicholas J. and Gee, James},
	doi = {10.54294/ex0itu},
	issn = {2327-770X},
	journal = {The Insight Journal},
	month = may,
	publisher = {NumFOCUS - Insight Software Consortium (ITK)},
	title = {Run-Length Matrices For Texture Analysis},
	url = {https//dx.doi.org/10.54294/ex0itu},
	year = {2011},
	bdsk-url-1 = {https//dx.doi.org/10.54294/ex0itu},
	bdsk-url-2 = {https://doi.org/10.54294/ex0itu}}

@article{Kim_2011,
	author = {Kim, Eun young and Johnson, Hans and Williams, Norman},
	doi = {10.54294/fge470},
	journal = {The MIDAS Journal},
	month = jul,
	publisher = {NumFOCUS - Insight Software Consortium (ITK)},
	title = {Affine Transformation for Landmark Based Registration Initializer in ITK},
	url = {https//dx.doi.org/10.54294/fge470},
	year = {2011},
	bdsk-url-1 = {https//dx.doi.org/10.54294/fge470},
	bdsk-url-2 = {https://doi.org/10.54294/fge470}}

@article{Hatt_2012,
	author = {Hatt, Charles},
	doi = {10.54294/gcb82u},
	issn = {2327-770X},
	journal = {The Insight Journal},
	month = mar,
	publisher = {NumFOCUS - Insight Software Consortium (ITK)},
	title = {Multi-scale Steerable Phase-Symmetry Filters for ITK},
	url = {https//dx.doi.org/10.54294/gcb82u},
	year = {2012},
	bdsk-url-1 = {https//dx.doi.org/10.54294/gcb82u},
	bdsk-url-2 = {https://doi.org/10.54294/gcb82u}}

@article{Urish_2005,
	author = {Urish, Kenneth and August, Jonas and Huard, Johnny},
	doi = {10.54294/h1vbsl},
	issn = {2327-770X},
	journal = {The Insight Journal},
	month = aug,
	publisher = {NumFOCUS - Insight Software Consortium (ITK)},
	title = {Unsupervised Segmentation for Myofiber Counting in Immunofluorescent Microscopy Images},
	url = {https//dx.doi.org/10.54294/h1vbsl},
	year = {2005},
	bdsk-url-1 = {https//dx.doi.org/10.54294/h1vbsl},
	bdsk-url-2 = {https://doi.org/10.54294/h1vbsl}}

@article{Warfield_2006,
	author = {Warfield, Simon},
	doi = {10.54294/h4j7t7},
	issn = {2327-770X},
	journal = {The Insight Journal},
	month = oct,
	publisher = {NumFOCUS - Insight Software Consortium (ITK)},
	title = {FFT Complex to Complex filters and helper classes},
	url = {https//dx.doi.org/10.54294/h4j7t7},
	year = {2006},
	bdsk-url-1 = {https//dx.doi.org/10.54294/h4j7t7},
	bdsk-url-2 = {https://doi.org/10.54294/h4j7t7}}

@article{Johnson_2007,
	author = {Johnson, Hans and Harris, Greg and Williams, Kent},
	doi = {10.54294/hmb052},
	issn = {2327-770X},
	journal = {The Insight Journal},
	month = oct,
	publisher = {NumFOCUS - Insight Software Consortium (ITK)},
	title = {BRAINSFit: Mutual Information Registrations of Whole-Brain 3D Images, Using the Insight Toolkit},
	url = {https//dx.doi.org/10.54294/hmb052},
	year = {2007},
	bdsk-url-1 = {https//dx.doi.org/10.54294/hmb052},
	bdsk-url-2 = {https://doi.org/10.54294/hmb052}}

@article{Beare_2005,
	author = {Beare, Richard and Lehmann, Gaetan},
	doi = {10.54294/hva3gz},
	issn = {2327-770X},
	journal = {The Insight Journal},
	month = dec,
	publisher = {NumFOCUS - Insight Software Consortium (ITK)},
	title = {Finding regional extrema - methods and performance},
	url = {https//dx.doi.org/10.54294/hva3gz},
	year = {2005},
	bdsk-url-1 = {https//dx.doi.org/10.54294/hva3gz},
	bdsk-url-2 = {https://doi.org/10.54294/hva3gz}}

@article{Heibel_2007,
	author = {Heibel, Hauke and Groher, Martin},
	doi = {10.54294/iei8xt},
	issn = {2327-770X},
	journal = {The Insight Journal},
	month = nov,
	publisher = {NumFOCUS - Insight Software Consortium (ITK)},
	title = {Shaped Neighborhood based Flood Filled Conditional Iterators},
	url = {https//dx.doi.org/10.54294/iei8xt},
	year = {2007},
	bdsk-url-1 = {https//dx.doi.org/10.54294/iei8xt},
	bdsk-url-2 = {https://doi.org/10.54294/iei8xt}}

@article{Beare_2007_a,
	author = {Beare, Richard},
	doi = {10.54294/ifvjls},
	issn = {2327-770X},
	journal = {The Insight Journal},
	month = nov,
	publisher = {NumFOCUS - Insight Software Consortium (ITK)},
	title = {Grayscale morphological attribute operations},
	url = {https//dx.doi.org/10.54294/ifvjls},
	year = {2007},
	bdsk-url-1 = {https//dx.doi.org/10.54294/ifvjls},
	bdsk-url-2 = {https://doi.org/10.54294/ifvjls}}

@article{Beare_2007_b,
	author = {Beare, Richard and Lehmann, Gaetan},
	doi = {10.54294/igq8fn},
	issn = {2327-770X},
	journal = {The Insight Journal},
	month = jul,
	publisher = {NumFOCUS - Insight Software Consortium (ITK)},
	title = {Efficient implementation of kernel filtering},
	url = {https//dx.doi.org/10.54294/igq8fn},
	year = {2007},
	bdsk-url-1 = {https//dx.doi.org/10.54294/igq8fn},
	bdsk-url-2 = {https://doi.org/10.54294/igq8fn}}

@article{Shamonin_2012,
	author = {Shamonin, Denis and Staring, Marius},
	doi = {10.54294/j5h811},
	issn = {2327-770X},
	journal = {The Insight Journal},
	month = dec,
	publisher = {NumFOCUS - Insight Software Consortium (ITK)},
	title = {An OpenCL implementation of the Gaussian pyramid and the resampler},
	url = {https//dx.doi.org/10.54294/j5h811},
	year = {2012},
	bdsk-url-1 = {https//dx.doi.org/10.54294/j5h811},
	bdsk-url-2 = {https://doi.org/10.54294/j5h811}}

@article{Baghdadi_2006,
	author = {Baghdadi, Leila},
	doi = {10.54294/j8lsa6},
	issn = {2327-770X},
	journal = {The Insight Journal},
	month = apr,
	publisher = {NumFOCUS - Insight Software Consortium (ITK)},
	title = {MINC2.0 IO Support for ITK},
	url = {https//dx.doi.org/10.54294/j8lsa6},
	year = {2006},
	bdsk-url-1 = {https//dx.doi.org/10.54294/j8lsa6},
	bdsk-url-2 = {https://doi.org/10.54294/j8lsa6}}

@article{Tustison_2010,
	author = {Tustison, Nicholas J. and Gee, James},
	doi = {10.54294/jculxw},
	issn = {2327-770X},
	journal = {The Insight Journal},
	month = dec,
	publisher = {NumFOCUS - Insight Software Consortium (ITK)},
	title = {N4ITK: Nick's N3 ITK Implementation For MRI Bias Field Correction},
	url = {https//dx.doi.org/10.54294/jculxw},
	year = {2010},
	bdsk-url-1 = {https//dx.doi.org/10.54294/jculxw},
	bdsk-url-2 = {https://doi.org/10.54294/jculxw}}

@article{Burstein_2006,
	author = {Burstein, Pablo and Yushkevich, Paul and Gee, James},
	doi = {10.54294/k9nj7c},
	issn = {2327-770X},
	journal = {The Insight Journal},
	month = aug,
	publisher = {NumFOCUS - Insight Software Consortium (ITK)},
	title = {Support for ``cub'' image format},
	url = {https//dx.doi.org/10.54294/k9nj7c},
	year = {2006},
	bdsk-url-1 = {https//dx.doi.org/10.54294/k9nj7c},
	bdsk-url-2 = {https://doi.org/10.54294/k9nj7c}}

@article{Beare_2006,
	author = {Beare, Richard and Lehmann, Gaetan},
	doi = {10.54294/lf8u75},
	issn = {2327-770X},
	journal = {The Insight Journal},
	month = jun,
	publisher = {NumFOCUS - Insight Software Consortium (ITK)},
	title = {The watershed transform in ITK - discussion and new developments},
	url = {https//dx.doi.org/10.54294/lf8u75},
	year = {2006},
	bdsk-url-1 = {https//dx.doi.org/10.54294/lf8u75},
	bdsk-url-2 = {https://doi.org/10.54294/lf8u75}}

@article{Bowers_2013,
	author = {Bowers, Michael and Younes, Laurent},
	doi = {10.54294/loekqj},
	issn = {2327-770X},
	journal = {The Insight Journal},
	month = aug,
	publisher = {NumFOCUS - Insight Software Consortium (ITK)},
	title = {Principal Components Analysis of Scalar, Vector, and Mesh Vertex Data},
	url = {https//dx.doi.org/10.54294/loekqj},
	year = {2013},
	bdsk-url-1 = {https//dx.doi.org/10.54294/loekqj},
	bdsk-url-2 = {https://doi.org/10.54294/loekqj}}

@article{Macia_2007,
	author = {Macia, Ivan},
	doi = {10.54294/mrg5is},
	issn = {2327-770X},
	journal = {The Insight Journal},
	month = oct,
	publisher = {NumFOCUS - Insight Software Consortium (ITK)},
	title = {Generalized Computation of Gaussian Derivatives Using ITK},
	url = {https//dx.doi.org/10.54294/mrg5is},
	year = {2007},
	bdsk-url-1 = {https//dx.doi.org/10.54294/mrg5is},
	bdsk-url-2 = {https://doi.org/10.54294/mrg5is}}

@article{Gao_2006,
	author = {Gao, Yi and Melonakos, John and Melonakos, John and Tannenbaum, Allen},
	doi = {10.54294/msr7a5},
	issn = {2327-770X},
	journal = {The Insight Journal},
	month = jul,
	publisher = {NumFOCUS - Insight Software Consortium (ITK)},
	title = {Conformal Flattening ITK Filter},
	url = {https//dx.doi.org/10.54294/msr7a5},
	year = {2006},
	bdsk-url-1 = {https//dx.doi.org/10.54294/msr7a5},
	bdsk-url-2 = {https://doi.org/10.54294/msr7a5}}

@article{Yushkevich_2009,
	author = {Yushkevich, Paul and Tustison, Nicholas J. and Gee, James},
	doi = {10.54294/n8k79e},
	issn = {2327-770X},
	journal = {The Insight Journal},
	month = nov,
	publisher = {NumFOCUS - Insight Software Consortium (ITK)},
	title = {Gaussian Interpolation},
	url = {https//dx.doi.org/10.54294/n8k79e},
	year = {2009},
	bdsk-url-1 = {https//dx.doi.org/10.54294/n8k79e},
	bdsk-url-2 = {https://doi.org/10.54294/n8k79e}}

@article{Tustison_2009_b,
	author = {Tustison, Nicholas J. and Gee, James},
	doi = {10.54294/ne109t},
	issn = {2327-770X},
	journal = {The Insight Journal},
	month = apr,
	publisher = {NumFOCUS - Insight Software Consortium (ITK)},
	title = {Stochastic Fractal Dimension Image},
	url = {https//dx.doi.org/10.54294/ne109t},
	year = {2009},
	bdsk-url-1 = {https//dx.doi.org/10.54294/ne109t},
	bdsk-url-2 = {https://doi.org/10.54294/ne109t}}

@article{Woehr_2009,
	author = {Woehr, Jordan},
	doi = {10.54294/noo5vc},
	issn = {2327-770X},
	journal = {The Insight Journal},
	month = aug,
	publisher = {NumFOCUS - Insight Software Consortium (ITK)},
	title = {A Fast Approximation to the Bilateral Filter for ITK},
	url = {https//dx.doi.org/10.54294/noo5vc},
	year = {2009},
	bdsk-url-1 = {https//dx.doi.org/10.54294/noo5vc},
	bdsk-url-2 = {https://doi.org/10.54294/noo5vc}}

@article{Bigler_2008,
	author = {Bigler, Don and Meadowcroft, Mark and Sun, Xiaoyan and Vesek, Jeffrey and Dresner, Alex and Smith, Michael and Yang, Qing},
	doi = {10.54294/o8w4c0},
	issn = {2327-770X},
	journal = {The Insight Journal},
	month = jun,
	publisher = {NumFOCUS - Insight Software Consortium (ITK)},
	title = {MR Parameter Map Suite: ITK Classes for Calculating Magnetic Resonance T2 and T1 Parameter Maps},
	url = {https//dx.doi.org/10.54294/o8w4c0},
	year = {2008},
	bdsk-url-1 = {https//dx.doi.org/10.54294/o8w4c0},
	bdsk-url-2 = {https://doi.org/10.54294/o8w4c0}}

@article{Pincus_2006,
	author = {Pincus, Zachary},
	doi = {10.54294/olkmog},
	issn = {2327-770X},
	journal = {The Insight Journal},
	month = feb,
	publisher = {NumFOCUS - Insight Software Consortium (ITK)},
	title = {ContourExtractor2DImageFilter: A subpixel-precision image isocontour extraction filter.},
	url = {https//dx.doi.org/10.54294/olkmog},
	year = {2006},
	bdsk-url-1 = {https//dx.doi.org/10.54294/olkmog},
	bdsk-url-2 = {https://doi.org/10.54294/olkmog}}

@article{Lowekamp_2013,
	author = {Lowekamp, Bradley and Chen, David},
	doi = {10.54294/p39qox},
	issn = {2327-770X},
	journal = {The Insight Journal},
	month = nov,
	publisher = {NumFOCUS - Insight Software Consortium (ITK)},
	title = {BinShrink: A multi-resolution filter with cache efficient averaging.},
	url = {https//dx.doi.org/10.54294/p39qox},
	year = {2013},
	bdsk-url-1 = {https//dx.doi.org/10.54294/p39qox},
	bdsk-url-2 = {https://doi.org/10.54294/p39qox}}

@article{Lehmann_2007,
	author = {Lehmann, Gaetan},
	doi = {10.54294/q6auw4},
	issn = {2327-770X},
	journal = {The Insight Journal},
	month = aug,
	publisher = {NumFOCUS - Insight Software Consortium (ITK)},
	title = {Label object representation and manipulation with ITK},
	url = {https//dx.doi.org/10.54294/q6auw4},
	year = {2007},
	bdsk-url-1 = {https//dx.doi.org/10.54294/q6auw4},
	bdsk-url-2 = {https://doi.org/10.54294/q6auw4}}

@article{Vimort_2017_b,
	author = {Vimort, Jean-baptiste and Mccormick, Matthew and Budin, Francois and Paniagua, Beatriz},
	doi = {10.54294/qy48ty},
	issn = {2327-770X},
	journal = {The Insight Journal},
	month = jul,
	publisher = {NumFOCUS - Insight Software Consortium (ITK)},
	title = {Computing Textural Feature Maps for N-Dimensional images},
	url = {https//dx.doi.org/10.54294/qy48ty},
	year = {2017},
	bdsk-url-1 = {https//dx.doi.org/10.54294/qy48ty},
	bdsk-url-2 = {https://doi.org/10.54294/qy48ty}}

@article{Gelas_2013,
	author = {Gelas, Arnaud},
	doi = {10.54294/s91axg},
	issn = {2327-770X},
	journal = {The Insight Journal},
	month = jun,
	publisher = {NumFOCUS - Insight Software Consortium (ITK)},
	title = {Laplacian Mesh Deformation},
	url = {https//dx.doi.org/10.54294/s91axg},
	year = {2013},
	bdsk-url-1 = {https//dx.doi.org/10.54294/s91axg},
	bdsk-url-2 = {https://doi.org/10.54294/s91axg}}

@article{Padfield_2013,
	author = {Padfield, Dirk and Miller, James},
	doi = {10.54294/saa3nn},
	issn = {2327-770X},
	journal = {The Insight Journal},
	month = mar,
	publisher = {NumFOCUS - Insight Software Consortium (ITK)},
	title = {A Label Geometry Image Filter for Multiple Object Measurement},
	url = {https//dx.doi.org/10.54294/saa3nn},
	year = {2013},
	bdsk-url-1 = {https//dx.doi.org/10.54294/saa3nn},
	bdsk-url-2 = {https://doi.org/10.54294/saa3nn}}

@article{Zuki__2016_a,
	author = {Zuki{\'c}, D{\v z}enan and Mccormick, Matthew and Gerig, Guido and Yushkevich, Paul},
	doi = {10.54294/t82x76},
	issn = {2327-770X},
	journal = {The Insight Journal},
	month = aug,
	publisher = {NumFOCUS - Insight Software Consortium (ITK)},
	title = {RLEImage: run-length encoded memory compression scheme for an itk::Image},
	url = {https//dx.doi.org/10.54294/t82x76},
	year = {2016},
	bdsk-url-1 = {https//dx.doi.org/10.54294/t82x76},
	bdsk-url-2 = {https://doi.org/10.54294/t82x76}}

@article{Bican_2006,
	author = {Bican, Jakub},
	doi = {10.54294/t8t3j2},
	issn = {2327-770X},
	journal = {The Insight Journal},
	month = oct,
	publisher = {NumFOCUS - Insight Software Consortium (ITK)},
	title = {Polar Transforms for ITK},
	url = {https//dx.doi.org/10.54294/t8t3j2},
	year = {2006},
	bdsk-url-1 = {https//dx.doi.org/10.54294/t8t3j2},
	bdsk-url-2 = {https://doi.org/10.54294/t8t3j2}}

@article{Tustison_2009_c,
	author = {Tustison, Nicholas J. and Zhang, Hui and Lehmann, Gaetan and Yushkevich, Paul and Gee, James},
	doi = {10.54294/tmojbk},
	issn = {2327-770X},
	journal = {The Insight Journal},
	month = jan,
	publisher = {NumFOCUS - Insight Software Consortium (ITK)},
	title = {Meeting Andy Warhol Somewhere Over the Rainbow: RGB Colormapping and ITK},
	url = {https//dx.doi.org/10.54294/tmojbk},
	year = {2009},
	bdsk-url-1 = {https//dx.doi.org/10.54294/tmojbk},
	bdsk-url-2 = {https://doi.org/10.54294/tmojbk}}

@article{Schmidt_Richberg_2014,
	author = {Schmidt-Richberg, Alexander and Werner, Ren{\'e} and Handels, Heinz and Ehrhardt, Jan},
	doi = {10.54294/ts6kgm},
	issn = {2327-770X},
	journal = {The Insight Journal},
	month = may,
	publisher = {NumFOCUS - Insight Software Consortium (ITK)},
	title = {A Flexible Variational Registration Framework},
	url = {https//dx.doi.org/10.54294/ts6kgm},
	year = {2014},
	bdsk-url-1 = {https//dx.doi.org/10.54294/ts6kgm},
	bdsk-url-2 = {https://doi.org/10.54294/ts6kgm}}

@article{Lehmann_2010_c,
	author = {Lehmann, Ga{\"e}tan},
	doi = {10.54294/tvgfv1},
	issn = {2327-770X},
	journal = {The Insight Journal},
	month = aug,
	publisher = {NumFOCUS - Insight Software Consortium (ITK)},
	title = {Deconvolution: infrastructure and reference algorithms},
	url = {https//dx.doi.org/10.54294/tvgfv1},
	year = {2010},
	bdsk-url-1 = {https//dx.doi.org/10.54294/tvgfv1},
	bdsk-url-2 = {https://doi.org/10.54294/tvgfv1}}

@article{Antiga_2007,
	author = {Antiga, Luca},
	doi = {10.54294/urgadx},
	issn = {2327-770X},
	journal = {The Insight Journal},
	month = aug,
	publisher = {NumFOCUS - Insight Software Consortium (ITK)},
	title = {Generalizing vesselness with respect to dimensionality and shape},
	url = {https//dx.doi.org/10.54294/urgadx},
	year = {2007},
	bdsk-url-1 = {https//dx.doi.org/10.54294/urgadx},
	bdsk-url-2 = {https://doi.org/10.54294/urgadx}}

@article{Vercauteren_2008,
	author = {Vercauteren, Tom and Pennec, Xavier and Perchant, Aymeric and Ayache, Nicholas},
	doi = {10.54294/ux2obj},
	issn = {2327-770X},
	journal = {The Insight Journal},
	month = nov,
	publisher = {NumFOCUS - Insight Software Consortium (ITK)},
	title = {Diffeomorphic Demons Using ITK's Finite Difference Solver Hierarchy},
	url = {https//dx.doi.org/10.54294/ux2obj},
	year = {2008},
	bdsk-url-1 = {https//dx.doi.org/10.54294/ux2obj},
	bdsk-url-2 = {https://doi.org/10.54294/ux2obj}}

@article{Vimort_2017_a,
	author = {Vimort, Jean-baptiste and Mccormick, Matthew and Paniagua, Beatriz},
	doi = {10.54294/vctqy4},
	issn = {2327-770X},
	journal = {The Insight Journal},
	month = nov,
	publisher = {NumFOCUS - Insight Software Consortium (ITK)},
	title = {Computing Bone Morphometric Feature Maps from 3-Dimensional Images},
	url = {https//dx.doi.org/10.54294/vctqy4},
	year = {2017},
	bdsk-url-1 = {https//dx.doi.org/10.54294/vctqy4},
	bdsk-url-2 = {https://doi.org/10.54294/vctqy4}}

@article{Lehmann_2010_a,
	author = {Lehmann, Gaetan},
	doi = {10.54294/vh6vbw},
	issn = {2327-770X},
	journal = {The Insight Journal},
	month = jul,
	publisher = {NumFOCUS - Insight Software Consortium (ITK)},
	title = {Noise simulation},
	url = {https//dx.doi.org/10.54294/vh6vbw},
	year = {2010},
	bdsk-url-1 = {https//dx.doi.org/10.54294/vh6vbw},
	bdsk-url-2 = {https://doi.org/10.54294/vh6vbw}}

@article{Zhu_2011,
	author = {Zhu, Wanlin},
	doi = {10.54294/vw0ke0},
	issn = {2327-770X},
	journal = {The Insight Journal},
	month = jul,
	publisher = {NumFOCUS - Insight Software Consortium (ITK)},
	title = {Triangle Mesh Subdivision},
	url = {https//dx.doi.org/10.54294/vw0ke0},
	year = {2011},
	bdsk-url-1 = {https//dx.doi.org/10.54294/vw0ke0},
	bdsk-url-2 = {https://doi.org/10.54294/vw0ke0}}

@article{Hawley_2009,
	author = {Hawley, Jeffrey and Johnson, Hans},
	doi = {10.54294/w2jytv},
	issn = {2327-770X},
	journal = {The Insight Journal},
	month = mar,
	publisher = {NumFOCUS - Insight Software Consortium (ITK)},
	title = {Reader/Writer for Analyze Object Maps for ITK},
	url = {https//dx.doi.org/10.54294/w2jytv},
	year = {2009},
	bdsk-url-1 = {https//dx.doi.org/10.54294/w2jytv},
	bdsk-url-2 = {https://doi.org/10.54294/w2jytv}}

@article{Mosaliganti_2009_c,
	author = {Mosaliganti, Kishore and Smith, Benjamin and Gelas, Arnaud and Gouaillard, Alexandre and Megason, Sean},
	doi = {10.54294/wvwmf8},
	issn = {2327-770X},
	journal = {The Insight Journal},
	month = may,
	publisher = {NumFOCUS - Insight Software Consortium (ITK)},
	title = {Cell Tracking using Coupled Active Surfaces for Nuclei and Membranes},
	url = {https//dx.doi.org/10.54294/wvwmf8},
	year = {2009},
	bdsk-url-1 = {https//dx.doi.org/10.54294/wvwmf8},
	bdsk-url-2 = {https://doi.org/10.54294/wvwmf8}}

@article{Lehmann_2006_e,
	author = {Lehmann, Gaetan},
	doi = {10.54294/xd0lzg},
	issn = {2327-770X},
	journal = {The Insight Journal},
	month = oct,
	publisher = {NumFOCUS - Insight Software Consortium (ITK)},
	title = {FFT Shift},
	url = {https//dx.doi.org/10.54294/xd0lzg},
	year = {2006},
	bdsk-url-1 = {https//dx.doi.org/10.54294/xd0lzg},
	bdsk-url-2 = {https://doi.org/10.54294/xd0lzg}}

@article{Lehmann_2006_f,
	author = {Lehmann, Gaetan},
	doi = {10.54294/xr1bvx},
	issn = {2327-770X},
	journal = {The Insight Journal},
	month = feb,
	publisher = {NumFOCUS - Insight Software Consortium (ITK)},
	title = {Label overlay},
	url = {https//dx.doi.org/10.54294/xr1bvx},
	year = {2006},
	bdsk-url-1 = {https//dx.doi.org/10.54294/xr1bvx},
	bdsk-url-2 = {https://doi.org/10.54294/xr1bvx}}

@article{Tustison_2017,
	author = {Tustison, Nicholas J. and Avants, Brian and Wang, Hongzhi and Xie, Long and Coupe, Pierrick and Yushkevich, Paul and Manjon, Jose},
	doi = {10.54294/ywuouh},
	issn = {2327-770X},
	journal = {The Insight Journal},
	month = mar,
	publisher = {NumFOCUS - Insight Software Consortium (ITK)},
	title = {A patch-based framework for new ITK functionality: Joint fusion, denoising, and non-local super-resolution},
	url = {https//dx.doi.org/10.54294/ywuouh},
	year = {2017},
	bdsk-url-1 = {https//dx.doi.org/10.54294/ywuouh},
	bdsk-url-2 = {https://doi.org/10.54294/ywuouh}}

@article{Mueller_2008,
	author = {Mueller, Dan},
	doi = {10.54294/z5zwhh},
	issn = {2327-770X},
	journal = {The Insight Journal},
	month = mar,
	publisher = {NumFOCUS - Insight Software Consortium (ITK)},
	title = {Fast Marching Minimal Path Extraction in ITK},
	url = {https//dx.doi.org/10.54294/z5zwhh},
	year = {2008},
	bdsk-url-1 = {https//dx.doi.org/10.54294/z5zwhh},
	bdsk-url-2 = {https://doi.org/10.54294/z5zwhh}}

@article{Zosso_2007,
	author = {Zosso, Dominique and Bach Cuadra, Meritxell and Thiran, Jean-Philippe},
	doi = {10.54294/z83ly1},
	issn = {2327-770X},
	journal = {The Insight Journal},
	month = aug,
	publisher = {NumFOCUS - Insight Software Consortium (ITK)},
	title = {Direct Fourier Tomographic Reconstruction Image-To-Image Filter},
	url = {https//dx.doi.org/10.54294/z83ly1},
	year = {2007},
	bdsk-url-1 = {https//dx.doi.org/10.54294/z83ly1},
	bdsk-url-2 = {https://doi.org/10.54294/z83ly1}}

@article{Tustison_2007_a,
	author = {Tustison, Nicholas J. and Avants, Brian and Gee, James},
	doi = {10.54294/ze1ssz},
	issn = {2327-770X},
	journal = {The Insight Journal},
	month = jan,
	publisher = {NumFOCUS - Insight Software Consortium (ITK)},
	title = {Gridding Graphic Graticules},
	url = {https//dx.doi.org/10.54294/ze1ssz},
	year = {2007},
	bdsk-url-1 = {https//dx.doi.org/10.54294/ze1ssz},
	bdsk-url-2 = {https://doi.org/10.54294/ze1ssz}}

@article{Mccormick_2010_a,
	author = {Mccormick, Matthew},
	doi = {10.54294/zv7979},
	issn = {2327-770X},
	journal = {The Insight Journal},
	month = nov,
	publisher = {NumFOCUS - Insight Software Consortium (ITK)},
	title = {Higher Order Accurate Derivative and Gradient Calculation in ITK},
	url = {https//dx.doi.org/10.54294/zv7979},
	year = {2010},
	bdsk-url-1 = {https//dx.doi.org/10.54294/zv7979},
	bdsk-url-2 = {https://doi.org/10.54294/zv7979}}

@article{Mccormick_2010_b,
	author = {Mccormick, Matthew},
	doi = {10.54294/yjowe4},
	issn = {2327-770X},
	journal = {The Insight Journal},
	month = may,
	publisher = {NumFOCUS - Insight Software Consortium (ITK)},
	title = {An Open Source, Fast Ultrasound B-Mode Implementation for Commodity Hardware},
	url = {http://dx.doi.org/10.54294/yjowe4},
	year = {2010},
	bdsk-url-1 = {http://dx.doi.org/10.54294/yjowe4}}

@article{Lowekamp_2010,
	author = {Lowekamp, Bradley and Chen, David},
	doi = {10.54294/ufs19w},
	issn = {2327-770X},
	journal = {The Insight Journal},
	month = jun,
	publisher = {NumFOCUS - Insight Software Consortium (ITK)},
	title = {A Streaming IO Base Class and Support for Streaming the MRC and VTK File Format},
	url = {http://dx.doi.org/10.54294/ufs19w},
	year = {2010},
	bdsk-url-1 = {http://dx.doi.org/10.54294/ufs19w}}
